[{"timestamp":1486570009,"tid":26207734,"price":"1049.5","amount":"0.02307364","exchange":"bitfinex","type":"buy"},{"timestamp":1486569988,"tid":26207731,"price":"1049.1","amount":"0.011671","exchange":"bitfinex","type":"sell"},{"timestamp":1486569973,"tid":26207729,"price":"1049.0","amount":"0.998","exchange":"bitfinex","type":"sell"},{"timestamp":1486569963,"tid":26207727,"price":"1048.9","amount":"4.0","exchange":"bitfinex","type":"sell"},{"timestamp":1486569951,"tid":26207726,"price":"1049.5","amount":"0.10064958","exchange":"bitfinex","type":"buy"},{"timestamp":1486569935,"tid":26207725,"price":"1049.5","amount":"0.662","exchange":"bitfinex","type":"buy"},{"timestamp":1486569935,"tid":26207724,"price":"1049.4","amount":"1.338","exchange":"bitfinex","type":"buy"},{"timestamp":1486569917,"tid":26207723,"price":"1049.5","amount":"0.37","exchange":"bitfinex","type":"buy"},{"timestamp":1486569917,"tid":26207722,"price":"1049.0","amount":"0.63","exchange":"bitfinex","type":"buy"},{"timestamp":1486569912,"tid":26207721,"price":"1049.9","amount":"2.0","exchange":"bitfinex","type":"buy"},{"timestamp":1486569910,"tid":26207720,"price":"1049.8","amount":"0.71708356","exchange":"bitfinex","type":"sell"},{"timestamp":1486569891,"tid":26207718,"price":"1049.8","amount":"0.015792","exchange":"bitfinex","type":"sell"},{"timestamp":1486569880,"tid":26207717,"price":"1049.2","amount":"0.114845","exchange":"bitfinex","type":"sell"},{"timestamp":1486569878,"tid":26207716,"price":"1047.6","amount":"4.3629","exchange":"bitfinex","type":"sell"},{"timestamp":1486569878,"tid":26207715,"price":"1047.6","amount":"1.348","exchange":"bitfinex","type":"sell"},{"timestamp":1486569857,"tid":26207714,"price":"1047.6","amount":"0.48010001","exchange":"bitfinex","type":"sell"},{"timestamp":1486569857,"tid":26207713,"price":"1049.3","amount":"0.14","exchange":"bitfinex","type":"buy"},{"timestamp":1486569857,"tid":26207712,"price":"1049.2","amount":"1.23","exchange":"bitfinex","type":"buy"},{"timestamp":1486569857,"tid":26207711,"price":"1049.2","amount":"0.63","exchange":"bitfinex","type":"buy"},{"timestamp":1486569856,"tid":26207710,"price":"1049.5","amount":"1.0","exchange":"bitfinex","type":"buy"},{"timestamp":1486569853,"tid":26207709,"price":"1047.4","amount":"0.20793211","exchange":"bitfinex","type":"sell"},{"timestamp":1486569853,"tid":26207708,"price":"1048.3","amount":"0.233","exchange":"bitfinex","type":"sell"},{"timestamp":1486569853,"tid":26207707,"price":"1049.2","amount":"5.77255081","exchange":"bitfinex","type":"sell"},{"timestamp":1486569853,"tid":26207706,"price":"1049.2","amount":"0.30371708","exchange":"bitfinex","type":"sell"},{"timestamp":1486569853,"tid":26207705,"price":"1049.8","amount":"3.0","exchange":"bitfinex","type":"sell"},{"timestamp":1486569846,"tid":26207702,"price":"1050.0","amount":"4.7978","exchange":"bitfinex","type":"buy"},{"timestamp":1486569838,"tid":26207701,"price":"1049.7","amount":"0.01","exchange":"bitfinex","type":"sell"},{"timestamp":1486569833,"tid":26207700,"price":"1049.6","amount":"0.69601238","exchange":"bitfinex","type":"sell"},{"timestamp":1486569833,"tid":26207699,"price":"1049.6","amount":"0.4","exchange":"bitfinex","type":"sell"},{"timestamp":1486569833,"tid":26207698,"price":"1049.9","amount":"0.90398762","exchange":"bitfinex","type":"sell"},{"timestamp":1486569832,"tid":26207697,"price":"1050.2","amount":"0.47565209","exchange":"bitfinex","type":"buy"},{"timestamp":1486569832,"tid":26207696,"price":"1050.2","amount":"0.01","exchange":"bitfinex","type":"buy"},{"timestamp":1486569832,"tid":26207695,"price":"1050.1","amount":"0.03","exchange":"bitfinex","type":"buy"},{"timestamp":1486569832,"tid":26207694,"price":"1050.1","amount":"0.01","exchange":"bitfinex","type":"buy"},{"timestamp":1486569832,"tid":26207693,"price":"1050.0","amount":"0.05","exchange":"bitfinex","type":"buy"},{"timestamp":1486569832,"tid":26207692,"price":"1050.0","amount":"1.42434791","exchange":"bitfinex","type":"buy"},{"timestamp":1486569832,"tid":26207691,"price":"1049.9","amount":"0.09601238","exchange":"bitfinex","type":"buy"},{"timestamp":1486569816,"tid":26207679,"price":"1049.9","amount":"2.0","exchange":"bitfinex","type":"sell"},{"timestamp":1486569806,"tid":26207678,"price":"1050.0","amount":"1.57933896","exchange":"bitfinex","type":"buy"},{"timestamp":1486569806,"tid":26207677,"price":"1050.0","amount":"0.42066104","exchange":"bitfinex","type":"buy"},{"timestamp":1486569799,"tid":26207676,"price":"1049.6","amount":"0.1","exchange":"bitfinex","type":"sell"},{"timestamp":1486569798,"tid":26207675,"price":"1050.0","amount":"0.57933896","exchange":"bitfinex","type":"buy"},{"timestamp":1486569798,"tid":26207674,"price":"1050.0","amount":"2.25266104","exchange":"bitfinex","type":"buy"},{"timestamp":1486569798,"tid":26207673,"price":"1049.9","amount":"0.288","exchange":"bitfinex","type":"buy"},{"timestamp":1486569798,"tid":26207672,"price":"1049.9","amount":"1.0","exchange":"bitfinex","type":"buy"},{"timestamp":1486569795,"tid":26207671,"price":"1049.9","amount":"0.97831942","exchange":"bitfinex","type":"sell"},{"timestamp":1486569794,"tid":26207670,"price":"1050.0","amount":"5.6842","exchange":"bitfinex","type":"buy"},{"timestamp":1486569783,"tid":26207653,"price":"1049.9","amount":"0.598","exchange":"bitfinex","type":"buy"},{"timestamp":1486569783,"tid":26207652,"price":"1049.9","amount":"0.05","exchange":"bitfinex","type":"buy"},{"timestamp":1486569783,"tid":26207651,"price":"1049.9","amount":"1.352","exchange":"bitfinex","type":"buy"},{"timestamp":1486569767,"tid":26207650,"price":"1049.9","amount":"0.6729","exchange":"bitfinex","type":"buy"},{"timestamp":1486569759,"tid":26207649,"price":"1049.9","amount":"2.0","exchange":"bitfinex","type":"buy"},{"timestamp":1486569750,"tid":26207648,"price":"1049.8","amount":"0.326037","exchange":"bitfinex","type":"sell"},{"timestamp":1486569732,"tid":26207647,"price":"1049.8","amount":"0.5","exchange":"bitfinex","type":"buy"},{"timestamp":1486569729,"tid":26207646,"price":"1050.0","amount":"2.0","exchange":"bitfinex","type":"buy"},{"timestamp":1486569710,"tid":26207645,"price":"1049.8","amount":"0.1","exchange":"bitfinex","type":"sell"},{"timestamp":1486569710,"tid":26207644,"price":"1049.8","amount":"0.1","exchange":"bitfinex","type":"sell"},{"timestamp":1486569703,"tid":26207642,"price":"1049.9","amount":"2.0","exchange":"bitfinex","type":"buy"},{"timestamp":1486569680,"tid":26207640,"price":"1049.8","amount":"0.02589496","exchange":"bitfinex","type":"sell"},{"timestamp":1486569668,"tid":26207639,"price":"1050.0","amount":"0.06313896","exchange":"bitfinex","type":"buy"},{"timestamp":1486569668,"tid":26207638,"price":"1050.0","amount":"0.01","exchange":"bitfinex","type":"buy"},{"timestamp":1486569668,"tid":26207637,"price":"1050.0","amount":"1.92686104","exchange":"bitfinex","type":"buy"},{"timestamp":1486569650,"tid":26207636,"price":"1049.9","amount":"1.0","exchange":"bitfinex","type":"buy"},{"timestamp":1486569649,"tid":26207635,"price":"1049.8","amount":"0.5","exchange":"bitfinex","type":"sell"},{"timestamp":1486569643,"tid":26207633,"price":"1050.0","amount":"2.0","exchange":"bitfinex","type":"buy"},{"timestamp":1486569642,"tid":26207632,"price":"1049.9","amount":"1.0","exchange":"bitfinex","type":"sell"},{"timestamp":1486569642,"tid":26207631,"price":"1049.9","amount":"0.01","exchange":"bitfinex","type":"sell"},{"timestamp":1486569642,"tid":26207630,"price":"1049.9","amount":"0.99","exchange":"bitfinex","type":"sell"},{"timestamp":1486569638,"tid":26207629,"price":"1049.9","amount":"0.01","exchange":"bitfinex","type":"buy"},{"timestamp":1486569628,"tid":26207628,"price":"1050.0","amount":"1.58728908","exchange":"bitfinex","type":"buy"},{"timestamp":1486569628,"tid":26207627,"price":"1049.9","amount":"1.0","exchange":"bitfinex","type":"sell"},{"timestamp":1486569627,"tid":26207626,"price":"1050.0","amount":"1.51980159","exchange":"bitfinex","type":"buy"},{"timestamp":1486569625,"tid":26207620,"price":"1050.0","amount":"0.22175875","exchange":"bitfinex","type":"buy"},{"timestamp":1486569620,"tid":26207619,"price":"1050.0","amount":"0.21268373","exchange":"bitfinex","type":"buy"},{"timestamp":1486569606,"tid":26207611,"price":"1049.9","amount":"0.01","exchange":"bitfinex","type":"sell"},{"timestamp":1486569584,"tid":26207610,"price":"1049.9","amount":"0.1","exchange":"bitfinex","type":"buy"},{"timestamp":1486569572,"tid":26207608,"price":"1049.9","amount":"0.01","exchange":"bitfinex","type":"sell"},{"timestamp":1486569549,"tid":26207607,"price":"1049.9","amount":"0.16416625","exchange":"bitfinex","type":"sell"},{"timestamp":1486569530,"tid":26207604,"price":"1049.9","amount":"0.01","exchange":"bitfinex","type":"sell"},{"timestamp":1486569410,"tid":26207591,"price":"1049.9","amount":"0.028","exchange":"bitfinex","type":"buy"},{"timestamp":1486569401,"tid":26207590,"price":"1050.3","amount":"1.0","exchange":"bitfinex","type":"buy"},{"timestamp":1486569396,"tid":26207589,"price":"1050.0","amount":"1.0","exchange":"bitfinex","type":"sell"},{"timestamp":1486569390,"tid":26207588,"price":"1050.3","amount":"0.01","exchange":"bitfinex","type":"sell"},{"timestamp":1486569354,"tid":26207587,"price":"1050.1","amount":"0.9854","exchange":"bitfinex","type":"sell"},{"timestamp":1486569349,"tid":26207586,"price":"1050.3","amount":"0.01","exchange":"bitfinex","type":"sell"},{"timestamp":1486569344,"tid":26207585,"price":"1050.3","amount":"0.01","exchange":"bitfinex","type":"buy"},{"timestamp":1486569331,"tid":26207584,"price":"1050.1","amount":"0.66","exchange":"bitfinex","type":"sell"},{"timestamp":1486569331,"tid":26207583,"price":"1050.3","amount":"0.3","exchange":"bitfinex","type":"sell"},{"timestamp":1486569331,"tid":26207582,"price":"1050.3","amount":"0.04","exchange":"bitfinex","type":"sell"},{"timestamp":1486569315,"tid":26207581,"price":"1050.3","amount":"1.10146096","exchange":"bitfinex","type":"sell"},{"timestamp":1486569307,"tid":26207580,"price":"1050.3","amount":"0.01293567","exchange":"bitfinex","type":"sell"},{"timestamp":1486569273,"tid":26207578,"price":"1050.4","amount":"1.0","exchange":"bitfinex","type":"buy"},{"timestamp":1486569270,"tid":26207577,"price":"1050.4","amount":"0.99631313","exchange":"bitfinex","type":"buy"},{"timestamp":1486569270,"tid":26207576,"price":"1050.4","amount":"0.00368687","exchange":"bitfinex","type":"buy"},{"timestamp":1486569251,"tid":26207575,"price":"1050.3","amount":"0.06","exchange":"bitfinex","type":"sell"},{"timestamp":1486569235,"tid":26207574,"price":"1050.3","amount":"0.019904","exchange":"bitfinex","type":"sell"},{"timestamp":1486569206,"tid":26207573,"price":"1050.3","amount":"0.0267464","exchange":"bitfinex","type":"sell"},{"timestamp":1486569205,"tid":26207572,"price":"1050.3","amount":"0.093928","exchange":"bitfinex","type":"sell"},{"timestamp":1486569181,"tid":26207564,"price":"1050.3","amount":"1.773","exchange":"bitfinex","type":"sell"},{"timestamp":1486569166,"tid":26207562,"price":"1050.3","amount":"0.020345","exchange":"bitfinex","type":"sell"},{"timestamp":1486569160,"tid":26207560,"price":"1050.3","amount":"0.012966","exchange":"bitfinex","type":"sell"},{"timestamp":1486569160,"tid":26207559,"price":"1050.3","amount":"0.867395","exchange":"bitfinex","type":"sell"},{"timestamp":1486569160,"tid":26207558,"price":"1050.3","amount":"0.89","exchange":"bitfinex","type":"sell"},{"timestamp":1486569113,"tid":26207557,"price":"1050.3","amount":"0.01","exchange":"bitfinex","type":"sell"},{"timestamp":1486569101,"tid":26207556,"price":"1050.4","amount":"0.07732617","exchange":"bitfinex","type":"buy"},{"timestamp":1486569101,"tid":26207555,"price":"1050.4","amount":"0.01986495","exchange":"bitfinex","type":"buy"},{"timestamp":1486569099,"tid":26207550,"price":"1050.3","amount":"0.1","exchange":"bitfinex","type":"sell"},{"timestamp":1486569072,"tid":26207549,"price":"1050.3","amount":"1.624","exchange":"bitfinex","type":"sell"},{"timestamp":1486569065,"tid":26207548,"price":"1050.4","amount":"0.20490343","exchange":"bitfinex","type":"buy"},{"timestamp":1486569058,"tid":26207546,"price":"1050.3","amount":"2.044364","exchange":"bitfinex","type":"sell"},{"timestamp":1486569058,"tid":26207545,"price":"1050.3","amount":"0.7","exchange":"bitfinex","type":"sell"},{"timestamp":1486569055,"tid":26207544,"price":"1050.3","amount":"0.3","exchange":"bitfinex","type":"buy"},{"timestamp":1486569048,"tid":26207543,"price":"1050.3","amount":"0.9889","exchange":"bitfinex","type":"sell"},{"timestamp":1486569034,"tid":26207538,"price":"1050.3","amount":"0.1","exchange":"bitfinex","type":"sell"},{"timestamp":1486569025,"tid":26207537,"price":"1050.4","amount":"0.69421858","exchange":"bitfinex","type":"buy"},{"timestamp":1486568985,"tid":26207536,"price":"1050.2","amount":"0.035762","exchange":"bitfinex","type":"sell"},{"timestamp":1486568981,"tid":26207534,"price":"1050.3","amount":"0.095108","exchange":"bitfinex","type":"sell"},{"timestamp":1486568981,"tid":26207533,"price":"1050.3","amount":"0.011","exchange":"bitfinex","type":"sell"},{"timestamp":1486568960,"tid":26207532,"price":"1050.3","amount":"1.0","exchange":"bitfinex","type":"buy"},{"timestamp":1486568893,"tid":26207530,"price":"1049.8","amount":"0.1","exchange":"bitfinex","type":"sell"},{"timestamp":1486568881,"tid":26207528,"price":"1050.2","amount":"0.98","exchange":"bitfinex","type":"sell"},{"timestamp":1486568870,"tid":26207527,"price":"1050.1","amount":"0.01","exchange":"bitfinex","type":"sell"},{"timestamp":1486568863,"tid":26207525,"price":"1051.4","amount":"0.98521313","exchange":"bitfinex","type":"buy"},{"timestamp":1486568863,"tid":26207524,"price":"1050.6","amount":"0.01478687","exchange":"bitfinex","type":"buy"},{"timestamp":1486568843,"tid":26207523,"price":"1049.6","amount":"0.01","exchange":"bitfinex","type":"sell"},{"timestamp":1486568840,"tid":26207522,"price":"1051.4","amount":"2.9","exchange":"bitfinex","type":"buy"},{"timestamp":1486568840,"tid":26207521,"price":"1051.0","amount":"0.1","exchange":"bitfinex","type":"buy"},{"timestamp":1486568826,"tid":26207519,"price":"1049.4","amount":"0.01","exchange":"bitfinex","type":"sell"},{"timestamp":1486568818,"tid":26207518,"price":"1049.4","amount":"0.01","exchange":"bitfinex","type":"sell"},{"timestamp":1486568815,"tid":26207517,"price":"1050.7","amount":"1.596002","exchange":"bitfinex","type":"buy"},{"timestamp":1486568815,"tid":26207516,"price":"1050.7","amount":"0.531","exchange":"bitfinex","type":"buy"},{"timestamp":1486568815,"tid":26207515,"price":"1050.6","amount":"0.158","exchange":"bitfinex","type":"buy"},{"timestamp":1486568815,"tid":26207514,"price":"1050.5","amount":"0.02","exchange":"bitfinex","type":"buy"},{"timestamp":1486568815,"tid":26207513,"price":"1050.3","amount":"1.352","exchange":"bitfinex","type":"buy"},{"timestamp":1486568815,"tid":26207512,"price":"1050.2","amount":"1.325","exchange":"bitfinex","type":"buy"},{"timestamp":1486568815,"tid":26207511,"price":"1050.0","amount":"0.01","exchange":"bitfinex","type":"buy"},{"timestamp":1486568815,"tid":26207510,"price":"1049.7","amount":"0.007998","exchange":"bitfinex","type":"buy"},{"timestamp":1486568804,"tid":26207509,"price":"1049.3","amount":"0.1","exchange":"bitfinex","type":"sell"},{"timestamp":1486568790,"tid":26207508,"price":"1049.3","amount":"0.01","exchange":"bitfinex","type":"sell"},{"timestamp":1486568783,"tid":26207507,"price":"1049.7","amount":"0.1","exchange":"bitfinex","type":"buy"},{"timestamp":1486568778,"tid":26207506,"price":"1049.3","amount":"0.01","exchange":"bitfinex","type":"sell"},{"timestamp":1486568776,"tid":26207505,"price":"1050.1","amount":"0.91517","exchange":"bitfinex","type":"buy"},{"timestamp":1486568776,"tid":26207504,"price":"1050.0","amount":"0.08483","exchange":"bitfinex","type":"buy"},{"timestamp":1486568775,"tid":26207503,"price":"1050.0","amount":"0.06","exchange":"bitfinex","type":"buy"},{"timestamp":1486568773,"tid":26207502,"price":"1049.3","amount":"0.01","exchange":"bitfinex","type":"sell"},{"timestamp":1486568773,"tid":26207501,"price":"1049.3","amount":"0.1","exchange":"bitfinex","type":"sell"},{"timestamp":1486568770,"tid":26207500,"price":"1050.1","amount":"0.06","exchange":"bitfinex","type":"buy"},{"timestamp":1486568767,"tid":26207499,"price":"1050.7","amount":"0.06","exchange":"bitfinex","type":"buy"},{"timestamp":1486568764,"tid":26207498,"price":"1050.5","amount":"0.01","exchange":"bitfinex","type":"sell"},{"timestamp":1486568760,"tid":26207497,"price":"1048.9","amount":"1.67195064","exchange":"bitfinex","type":"sell"},{"timestamp":1486568760,"tid":26207496,"price":"1049.0","amount":"5.5","exchange":"bitfinex","type":"sell"},{"timestamp":1486568760,"tid":26207495,"price":"1049.1","amount":"8.7865","exchange":"bitfinex","type":"sell"},{"timestamp":1486568760,"tid":26207494,"price":"1049.7","amount":"2.18","exchange":"bitfinex","type":"sell"},{"timestamp":1486568760,"tid":26207493,"price":"1050.0","amount":"4.22189409","exchange":"bitfinex","type":"sell"},{"timestamp":1486568760,"tid":26207492,"price":"1050.5","amount":"0.5","exchange":"bitfinex","type":"sell"},{"timestamp":1486568760,"tid":26207491,"price":"1051.0","amount":"1.63965527","exchange":"bitfinex","type":"sell"},{"timestamp":1486568760,"tid":26207490,"price":"1050.8","amount":"0.27178767","exchange":"bitfinex","type":"buy"},{"timestamp":1486568760,"tid":26207489,"price":"1050.6","amount":"0.08855706","exchange":"bitfinex","type":"buy"},{"timestamp":1486568758,"tid":26207488,"price":"1050.5","amount":"1.59706501","exchange":"bitfinex","type":"sell"},{"timestamp":1486568757,"tid":26207487,"price":"1050.6","amount":"0.05144294","exchange":"bitfinex","type":"buy"},{"timestamp":1486568752,"tid":26207486,"price":"1050.5","amount":"0.01","exchange":"bitfinex","type":"sell"},{"timestamp":1486568743,"tid":26207485,"price":"1050.5","amount":"0.07282798","exchange":"bitfinex","type":"sell"},{"timestamp":1486568733,"tid":26207483,"price":"1050.6","amount":"0.516","exchange":"bitfinex","type":"buy"},{"timestamp":1486568733,"tid":26207482,"price":"1050.6","amount":"1.484","exchange":"bitfinex","type":"buy"},{"timestamp":1486568727,"tid":26207479,"price":"1050.5","amount":"0.1156682","exchange":"bitfinex","type":"sell"},{"timestamp":1486568703,"tid":26207477,"price":"1050.6","amount":"0.05","exchange":"bitfinex","type":"buy"},{"timestamp":1486568702,"tid":26207476,"price":"1050.6","amount":"0.37557458","exchange":"bitfinex","type":"buy"},{"timestamp":1486568702,"tid":26207475,"price":"1050.6","amount":"1.62442542","exchange":"bitfinex","type":"buy"},{"timestamp":1486568691,"tid":26207474,"price":"1050.6","amount":"0.01357458","exchange":"bitfinex","type":"buy"},{"timestamp":1486568681,"tid":26207472,"price":"1050.5","amount":"0.00207364","exchange":"bitfinex","type":"sell"},{"timestamp":1486568681,"tid":26207471,"price":"1050.5","amount":"0.00792636","exchange":"bitfinex","type":"sell"},{"timestamp":1486568679,"tid":26207470,"price":"1050.8","amount":"0.042","exchange":"bitfinex","type":"buy"},{"timestamp":1486568679,"tid":26207469,"price":"1050.6","amount":"0.3","exchange":"bitfinex","type":"buy"},{"timestamp":1486568679,"tid":26207468,"price":"1050.6","amount":"1.658","exchange":"bitfinex","type":"buy"},{"timestamp":1486568653,"tid":26207466,"price":"1050.5","amount":"0.01","exchange":"bitfinex","type":"sell"},{"timestamp":1486568650,"tid":26207465,"price":"1051.5","amount":"0.2","exchange":"bitfinex","type":"buy"},{"timestamp":1486568649,"tid":26207464,"price":"1050.6","amount":"0.086","exchange":"bitfinex","type":"buy"},{"timestamp":1486568649,"tid":26207463,"price":"1050.6","amount":"1.674","exchange":"bitfinex","type":"buy"},{"timestamp":1486568649,"tid":26207462,"price":"1050.6","amount":"0.24","exchange":"bitfinex","type":"buy"},{"timestamp":1486568649,"tid":26207461,"price":"1050.6","amount":"0.2","exchange":"bitfinex","type":"buy"},{"timestamp":1486568621,"tid":26207460,"price":"1050.6","amount":"0.305","exchange":"bitfinex","type":"buy"},{"timestamp":1486568621,"tid":26207459,"price":"1050.6","amount":"1.695","exchange":"bitfinex","type":"buy"},{"timestamp":1486568608,"tid":26207457,"price":"1050.4","amount":"0.85601624","exchange":"bitfinex","type":"sell"},{"timestamp":1486568608,"tid":26207456,"price":"1050.6","amount":"0.05","exchange":"bitfinex","type":"buy"},{"timestamp":1486568595,"tid":26207455,"price":"1050.3","amount":"0.01","exchange":"bitfinex","type":"sell"},{"timestamp":1486568593,"tid":26207454,"price":"1050.6","amount":"2.0","exchange":"bitfinex","type":"buy"},{"timestamp":1486568591,"tid":26207453,"price":"1050.3","amount":"0.85601624","exchange":"bitfinex","type":"sell"},{"timestamp":1486568570,"tid":26207452,"price":"1050.1","amount":"0.01","exchange":"bitfinex","type":"sell"},{"timestamp":1486568566,"tid":26207451,"price":"1050.6","amount":"0.2756","exchange":"bitfinex","type":"buy"},{"timestamp":1486568564,"tid":26207450,"price":"1050.6","amount":"0.22435208","exchange":"bitfinex","type":"buy"},{"timestamp":1486568564,"tid":26207449,"price":"1050.6","amount":"1.685","exchange":"bitfinex","type":"buy"},{"timestamp":1486568564,"tid":26207448,"price":"1050.5","amount":"0.09064792","exchange":"bitfinex","type":"buy"},{"timestamp":1486568561,"tid":26207447,"price":"1050.5","amount":"0.10135208","exchange":"bitfinex","type":"buy"},{"timestamp":1486568556,"tid":26207445,"price":"1051.8","amount":"4.14932092","exchange":"bitfinex","type":"buy"},{"timestamp":1486568556,"tid":26207444,"price":"1051.8","amount":"0.22895981","exchange":"bitfinex","type":"buy"},{"timestamp":1486568556,"tid":26207443,"price":"1051.7","amount":"1.34","exchange":"bitfinex","type":"buy"},{"timestamp":1486568556,"tid":26207442,"price":"1051.4","amount":"0.33316163","exchange":"bitfinex","type":"buy"},{"timestamp":1486568556,"tid":26207441,"price":"1051.1","amount":"1.0","exchange":"bitfinex","type":"buy"},{"timestamp":1486568556,"tid":26207440,"price":"1051.0","amount":"0.1","exchange":"bitfinex","type":"buy"},{"timestamp":1486568556,"tid":26207439,"price":"1051.0","amount":"5.6849","exchange":"bitfinex","type":"buy"},{"timestamp":1486568556,"tid":26207438,"price":"1051.0","amount":"0.0243512","exchange":"bitfinex","type":"buy"},{"timestamp":1486568556,"tid":26207437,"price":"1050.5","amount":"1.628","exchange":"bitfinex","type":"buy"},{"timestamp":1486568552,"tid":26207436,"price":"1050.1","amount":"0.01","exchange":"bitfinex","type":"sell"},{"timestamp":1486568549,"tid":26207435,"price":"1050.4","amount":"0.501","exchange":"bitfinex","type":"buy"},{"timestamp":1486568549,"tid":26207434,"price":"1050.3","amount":"0.499","exchange":"bitfinex","type":"buy"},{"timestamp":1486568539,"tid":26207433,"price":"1050.1","amount":"1.434","exchange":"bitfinex","type":"sell"},{"timestamp":1486568535,"tid":26207432,"price":"1050.9","amount":"0.05952197","exchange":"bitfinex","type":"buy"},{"timestamp":1486568535,"tid":26207431,"price":"1050.9","amount":"0.21","exchange":"bitfinex","type":"buy"},{"timestamp":1486568535,"tid":26207430,"price":"1050.7","amount":"0.33647803","exchange":"bitfinex","type":"buy"},{"timestamp":1486568535,"tid":26207429,"price":"1050.6","amount":"0.5","exchange":"bitfinex","type":"buy"},{"timestamp":1486568535,"tid":26207428,"price":"1050.5","amount":"0.894","exchange":"bitfinex","type":"buy"},{"timestamp":1486568510,"tid":26207426,"price":"1050.4","amount":"1.4","exchange":"bitfinex","type":"buy"},{"timestamp":1486568510,"tid":26207425,"price":"1050.3","amount":"0.6","exchange":"bitfinex","type":"buy"},{"timestamp":1486568509,"tid":26207424,"price":"1050.4","amount":"0.13096923","exchange":"bitfinex","type":"buy"},{"timestamp":1486568506,"tid":26207423,"price":"1050.1","amount":"0.771","exchange":"bitfinex","type":"buy"},{"timestamp":1486568497,"tid":26207422,"price":"1050.0","amount":"0.85601624","exchange":"bitfinex","type":"sell"},{"timestamp":1486568494,"tid":26207418,"price":"1050.1","amount":"0.1","exchange":"bitfinex","type":"sell"},{"timestamp":1486568487,"tid":26207417,"price":"1050.2","amount":"0.78101624","exchange":"bitfinex","type":"sell"},{"timestamp":1486568487,"tid":26207416,"price":"1050.5","amount":"0.24398376","exchange":"bitfinex","type":"sell"},{"timestamp":1486568486,"tid":26207415,"price":"1050.5","amount":"0.85601624","exchange":"bitfinex","type":"sell"},{"timestamp":1486568483,"tid":26207414,"price":"1050.4","amount":"0.4","exchange":"bitfinex","type":"buy"},{"timestamp":1486568483,"tid":26207413,"price":"1050.2","amount":"0.4","exchange":"bitfinex","type":"buy"},{"timestamp":1486568483,"tid":26207412,"price":"1050.1","amount":"0.1","exchange":"bitfinex","type":"buy"},{"timestamp":1486568479,"tid":26207411,"price":"1050.0","amount":"0.85601624","exchange":"bitfinex","type":"sell"},{"timestamp":1486568478,"tid":26207410,"price":"1050.0","amount":"0.01","exchange":"bitfinex","type":"sell"},{"timestamp":1486568465,"tid":26207409,"price":"1050.0","amount":"0.01","exchange":"bitfinex","type":"sell"},{"timestamp":1486568464,"tid":26207408,"price":"1050.0","amount":"2.0","exchange":"bitfinex","type":"buy"},{"timestamp":1486568464,"tid":26207407,"price":"1050.0","amount":"10.0","exchange":"bitfinex","type":"buy"},{"timestamp":1486568464,"tid":26207406,"price":"1050.0","amount":"1.01906033","exchange":"bitfinex","type":"buy"},{"timestamp":1486568464,"tid":26207405,"price":"1050.0","amount":"0.3190715","exchange":"bitfinex","type":"buy"},{"timestamp":1486568464,"tid":26207404,"price":"1050.0","amount":"0.54811204","exchange":"bitfinex","type":"buy"},{"timestamp":1486568464,"tid":26207403,"price":"1050.0","amount":"4.0","exchange":"bitfinex","type":"buy"},{"timestamp":1486568464,"tid":26207402,"price":"1050.0","amount":"0.85828","exchange":"bitfinex","type":"buy"},{"timestamp":1486568464,"tid":26207401,"price":"1050.0","amount":"0.015","exchange":"bitfinex","type":"buy"},{"timestamp":1486568464,"tid":26207400,"price":"1050.0","amount":"4.81660514","exchange":"bitfinex","type":"buy"},{"timestamp":1486568464,"tid":26207399,"price":"1050.0","amount":"0.0243512","exchange":"bitfinex","type":"buy"},{"timestamp":1486568464,"tid":26207398,"price":"1050.0","amount":"0.5","exchange":"bitfinex","type":"buy"},{"timestamp":1486568464,"tid":26207397,"price":"1050.0","amount":"0.05","exchange":"bitfinex","type":"buy"},{"timestamp":1486568464,"tid":26207396,"price":"1050.0","amount":"0.11299322","exchange":"bitfinex","type":"buy"},{"timestamp":1486568464,"tid":26207395,"price":"1050.0","amount":"0.5","exchange":"bitfinex","type":"buy"},{"timestamp":1486568464,"tid":26207394,"price":"1050.0","amount":"1.0","exchange":"bitfinex","type":"buy"},{"timestamp":1486568464,"tid":26207393,"price":"1050.0","amount":"5.0","exchange":"bitfinex","type":"buy"},{"timestamp":1486568464,"tid":26207392,"price":"1050.0","amount":"1.5","exchange":"bitfinex","type":"buy"},{"timestamp":1486568464,"tid":26207391,"price":"1049.9","amount":"1.34","exchange":"bitfinex","type":"buy"},{"timestamp":1486568464,"tid":26207390,"price":"1049.9","amount":"1.0","exchange":"bitfinex","type":"buy"},{"timestamp":1486568464,"tid":26207389,"price":"1049.9","amount":"0.47","exchange":"bitfinex","type":"buy"},{"timestamp":1486568464,"tid":26207388,"price":"1049.9","amount":"1.0","exchange":"bitfinex","type":"buy"},{"timestamp":1486568464,"tid":26207387,"price":"1049.8","amount":"5.7046","exchange":"bitfinex","type":"buy"},{"timestamp":1486568464,"tid":26207386,"price":"1049.7","amount":"0.39","exchange":"bitfinex","type":"buy"},{"timestamp":1486568464,"tid":26207385,"price":"1049.6","amount":"0.3","exchange":"bitfinex","type":"buy"},{"timestamp":1486568464,"tid":26207384,"price":"1049.6","amount":"1.578","exchange":"bitfinex","type":"buy"},{"timestamp":1486568454,"tid":26207383,"price":"1049.1","amount":"0.028374","exchange":"bitfinex","type":"sell"},{"timestamp":1486568454,"tid":26207382,"price":"1049.1","amount":"0.01","exchange":"bitfinex","type":"sell"},{"timestamp":1486568452,"tid":26207381,"price":"1049.2","amount":"1.53877786","exchange":"bitfinex","type":"sell"},{"timestamp":1486568452,"tid":26207380,"price":"1049.3","amount":"3.46122214","exchange":"bitfinex","type":"sell"},{"timestamp":1486568451,"tid":26207379,"price":"1049.3","amount":"0.01","exchange":"bitfinex","type":"sell"},{"timestamp":1486568448,"tid":26207378,"price":"1049.3","amount":"0.060512","exchange":"bitfinex","type":"sell"},{"timestamp":1486568448,"tid":26207377,"price":"1049.3","amount":"1.89116586","exchange":"bitfinex","type":"sell"},{"timestamp":1486568440,"tid":26207376,"price":"1049.2","amount":"3.38344914","exchange":"bitfinex","type":"sell"},{"timestamp":1486568440,"tid":26207375,"price":"1049.5","amount":"4.61655086","exchange":"bitfinex","type":"sell"},{"timestamp":1486568440,"tid":26207374,"price":"1049.5","amount":"1.0","exchange":"bitfinex","type":"sell"},{"timestamp":1486568426,"tid":26207373,"price":"1049.2","amount":"0.1","exchange":"bitfinex","type":"sell"},{"timestamp":1486568425,"tid":26207372,"price":"1049.2","amount":"0.01","exchange":"bitfinex","type":"sell"},{"timestamp":1486568425,"tid":26207371,"price":"1049.2","amount":"0.01","exchange":"bitfinex","type":"sell"},{"timestamp":1486568419,"tid":26207370,"price":"1049.5","amount":"0.183829","exchange":"bitfinex","type":"sell"},{"timestamp":1486568394,"tid":26207369,"price":"1049.5","amount":"0.01","exchange":"bitfinex","type":"sell"},{"timestamp":1486568391,"tid":26207368,"price":"1049.5","amount":"4.0","exchange":"bitfinex","type":"buy"},{"timestamp":1486568388,"tid":26207367,"price":"1049.1","amount":"0.01","exchange":"bitfinex","type":"sell"},{"timestamp":1486568386,"tid":26207366,"price":"1049.5","amount":"2.53","exchange":"bitfinex","type":"buy"},{"timestamp":1486568386,"tid":26207365,"price":"1049.2","amount":"0.47","exchange":"bitfinex","type":"buy"},{"timestamp":1486568383,"tid":26207364,"price":"1049.1","amount":"0.01","exchange":"bitfinex","type":"sell"},{"timestamp":1486568376,"tid":26207363,"price":"1049.1","amount":"0.39","exchange":"bitfinex","type":"buy"},{"timestamp":1486568376,"tid":26207362,"price":"1049.1","amount":"0.5","exchange":"bitfinex","type":"buy"},{"timestamp":1486568376,"tid":26207361,"price":"1049.1","amount":"0.01","exchange":"bitfinex","type":"buy"},{"timestamp":1486568376,"tid":26207360,"price":"1049.0","amount":"0.07334041","exchange":"bitfinex","type":"sell"},{"timestamp":1486568349,"tid":26207355,"price":"1049.0","amount":"0.01","exchange":"bitfinex","type":"sell"},{"timestamp":1486568319,"tid":26207354,"price":"1049.8","amount":"1.34117663","exchange":"bitfinex","type":"buy"},{"timestamp":1486568319,"tid":26207353,"price":"1049.6","amount":"1.043","exchange":"bitfinex","type":"buy"},{"timestamp":1486568319,"tid":26207352,"price":"1049.2","amount":"0.47","exchange":"bitfinex","type":"buy"},{"timestamp":1486568319,"tid":26207351,"price":"1049.0","amount":"0.01","exchange":"bitfinex","type":"buy"},{"timestamp":1486568319,"tid":26207350,"price":"1049.0","amount":"0.81770917","exchange":"bitfinex","type":"buy"},{"timestamp":1486568301,"tid":26207349,"price":"1048.9","amount":"0.01","exchange":"bitfinex","type":"sell"},{"timestamp":1486568298,"tid":26207348,"price":"1049.0","amount":"0.40829083","exchange":"bitfinex","type":"buy"},{"timestamp":1486568297,"tid":26207347,"price":"1048.9","amount":"0.01","exchange":"bitfinex","type":"sell"},{"timestamp":1486568282,"tid":26207346,"price":"1049.0","amount":"0.048595","exchange":"bitfinex","type":"sell"},{"timestamp":1486568280,"tid":26207345,"price":"1049.0","amount":"0.01","exchange":"bitfinex","type":"sell"},{"timestamp":1486568280,"tid":26207344,"price":"1049.1","amount":"0.08157091","exchange":"bitfinex","type":"buy"},{"timestamp":1486568280,"tid":26207343,"price":"1049.6","amount":"0.0302","exchange":"bitfinex","type":"buy"},{"timestamp":1486568280,"tid":26207342,"price":"1049.4","amount":"0.1998","exchange":"bitfinex","type":"buy"},{"timestamp":1486568280,"tid":26207341,"price":"1049.3","amount":"0.3","exchange":"bitfinex","type":"buy"},{"timestamp":1486568280,"tid":26207340,"price":"1049.2","amount":"0.47","exchange":"bitfinex","type":"buy"},{"timestamp":1486568277,"tid":26207339,"price":"1048.9","amount":"0.01","exchange":"bitfinex","type":"sell"},{"timestamp":1486568277,"tid":26207338,"price":"1048.9","amount":"0.01","exchange":"bitfinex","type":"sell"},{"timestamp":1486568276,"tid":26207337,"price":"1049.0","amount":"0.05","exchange":"bitfinex","type":"buy"},{"timestamp":1486568275,"tid":26207336,"price":"1049.0","amount":"5.2","exchange":"bitfinex","type":"sell"},{"timestamp":1486568275,"tid":26207335,"price":"1048.9","amount":"0.01","exchange":"bitfinex","type":"sell"},{"timestamp":1486568275,"tid":26207334,"price":"1048.9","amount":"0.4","exchange":"bitfinex","type":"sell"},{"timestamp":1486568274,"tid":26207333,"price":"1048.9","amount":"0.4","exchange":"bitfinex","type":"sell"},{"timestamp":1486568274,"tid":26207332,"price":"1048.9","amount":"0.3","exchange":"bitfinex","type":"sell"},{"timestamp":1486568273,"tid":26207331,"price":"1049.0","amount":"0.01","exchange":"bitfinex","type":"buy"},{"timestamp":1486568273,"tid":26207330,"price":"1049.0","amount":"10.0","exchange":"bitfinex","type":"buy"},{"timestamp":1486568273,"tid":26207329,"price":"1049.0","amount":"2.14643062","exchange":"bitfinex","type":"buy"},{"timestamp":1486568273,"tid":26207328,"price":"1049.0","amount":"7.16871429","exchange":"bitfinex","type":"buy"},{"timestamp":1486568265,"tid":26207327,"price":"1048.9","amount":"0.075","exchange":"bitfinex","type":"sell"},{"timestamp":1486568263,"tid":26207326,"price":"1048.9","amount":"0.01","exchange":"bitfinex","type":"sell"},{"timestamp":1486568262,"tid":26207325,"price":"1048.9","amount":"0.01","exchange":"bitfinex","type":"sell"},{"timestamp":1486568261,"tid":26207324,"price":"1049.0","amount":"1.0","exchange":"bitfinex","type":"buy"},{"timestamp":1486568260,"tid":26207323,"price":"1048.9","amount":"0.01","exchange":"bitfinex","type":"sell"},{"timestamp":1486568259,"tid":26207322,"price":"1049.0","amount":"0.01","exchange":"bitfinex","type":"buy"},{"timestamp":1486568248,"tid":26207321,"price":"1049.0","amount":"0.02","exchange":"bitfinex","type":"buy"},{"timestamp":1486568246,"tid":26207320,"price":"1049.0","amount":"8.66684701","exchange":"bitfinex","type":"buy"},{"timestamp":1486568228,"tid":26207319,"price":"1048.9","amount":"0.01","exchange":"bitfinex","type":"sell"},{"timestamp":1486568221,"tid":26207318,"price":"1048.9","amount":"0.048596","exchange":"bitfinex","type":"sell"},{"timestamp":1486568218,"tid":26207317,"price":"1049.0","amount":"1.0","exchange":"bitfinex","type":"buy"},{"timestamp":1486568213,"tid":26207316,"price":"1048.5","amount":"0.01","exchange":"bitfinex","type":"sell"},{"timestamp":1486568209,"tid":26207314,"price":"1048.6","amount":"0.01136483","exchange":"bitfinex","type":"sell"},{"timestamp":1486568209,"tid":26207313,"price":"1048.6","amount":"0.01","exchange":"bitfinex","type":"sell"},{"timestamp":1486568207,"tid":26207312,"price":"1048.6","amount":"0.1","exchange":"bitfinex","type":"sell"},{"timestamp":1486568206,"tid":26207311,"price":"1049.0","amount":"6.81521063","exchange":"bitfinex","type":"buy"},{"timestamp":1486568206,"tid":26207310,"price":"1048.7","amount":"0.147","exchange":"bitfinex","type":"buy"},{"timestamp":1486568204,"tid":26207309,"price":"1048.1","amount":"0.0145111","exchange":"bitfinex","type":"sell"},{"timestamp":1486568202,"tid":26207308,"price":"1049.0","amount":"25.31922807","exchange":"bitfinex","type":"buy"},{"timestamp":1486568202,"tid":26207307,"price":"1049.0","amount":"5.0","exchange":"bitfinex","type":"buy"},{"timestamp":1486568202,"tid":26207306,"price":"1049.0","amount":"0.024451","exchange":"bitfinex","type":"buy"},{"timestamp":1486568202,"tid":26207305,"price":"1048.8","amount":"2.26","exchange":"bitfinex","type":"buy"},{"timestamp":1486568202,"tid":26207304,"price":"1048.8","amount":"3.76","exchange":"bitfinex","type":"buy"},{"timestamp":1486568202,"tid":26207303,"price":"1048.8","amount":"1.0","exchange":"bitfinex","type":"buy"},{"timestamp":1486568202,"tid":26207302,"price":"1048.8","amount":"0.1","exchange":"bitfinex","type":"buy"},{"timestamp":1486568202,"tid":26207301,"price":"1048.7","amount":"5.0","exchange":"bitfinex","type":"buy"},{"timestamp":1486568202,"tid":26207300,"price":"1048.6","amount":"1.031","exchange":"bitfinex","type":"buy"},{"timestamp":1486568202,"tid":26207299,"price":"1048.3","amount":"0.01998","exchange":"bitfinex","type":"buy"},{"timestamp":1486568202,"tid":26207298,"price":"1048.3","amount":"0.5","exchange":"bitfinex","type":"buy"},{"timestamp":1486568202,"tid":26207297,"price":"1048.0","amount":"5.98534093","exchange":"bitfinex","type":"buy"},{"timestamp":1486568201,"tid":26207296,"price":"1047.8","amount":"0.01","exchange":"bitfinex","type":"sell"},{"timestamp":1486568200,"tid":26207295,"price":"1047.8","amount":"0.01","exchange":"bitfinex","type":"sell"},{"timestamp":1486568198,"tid":26207294,"price":"1048.0","amount":"4.01465907","exchange":"bitfinex","type":"buy"},{"timestamp":1486568198,"tid":26207293,"price":"1048.0","amount":"5.0","exchange":"bitfinex","type":"buy"},{"timestamp":1486568198,"tid":26207292,"price":"1048.0","amount":"0.3","exchange":"bitfinex","type":"buy"},{"timestamp":1486568198,"tid":26207291,"price":"1048.0","amount":"0.024451","exchange":"bitfinex","type":"buy"},{"timestamp":1486568198,"tid":26207290,"price":"1047.9","amount":"0.47","exchange":"bitfinex","type":"buy"},{"timestamp":1486568198,"tid":26207289,"price":"1047.9","amount":"0.19088993","exchange":"bitfinex","type":"buy"},{"timestamp":1486568189,"tid":26207288,"price":"1047.9","amount":"0.25","exchange":"bitfinex","type":"buy"},{"timestamp":1486568184,"tid":26207287,"price":"1047.9","amount":"0.07911007","exchange":"bitfinex","type":"buy"},{"timestamp":1486568181,"tid":26207286,"price":"1047.9","amount":"0.48","exchange":"bitfinex","type":"buy"},{"timestamp":1486568181,"tid":26207285,"price":"1047.8","amount":"0.47","exchange":"bitfinex","type":"buy"},{"timestamp":1486568181,"tid":26207284,"price":"1047.7","amount":"0.05","exchange":"bitfinex","type":"buy"},{"timestamp":1486568181,"tid":26207283,"price":"1047.7","amount":"1.0","exchange":"bitfinex","type":"buy"},{"timestamp":1486568177,"tid":26207280,"price":"1047.5","amount":"0.08","exchange":"bitfinex","type":"sell"},{"timestamp":1486568176,"tid":26207279,"price":"1047.6","amount":"0.40655018","exchange":"bitfinex","type":"buy"},{"timestamp":1486568176,"tid":26207278,"price":"1047.6","amount":"0.11","exchange":"bitfinex","type":"buy"},{"timestamp":1486568172,"tid":26207277,"price":"1047.5","amount":"0.39165628","exchange":"bitfinex","type":"buy"},{"timestamp":1486568158,"tid":26207275,"price":"1046.8","amount":"0.01","exchange":"bitfinex","type":"sell"},{"timestamp":1486568157,"tid":26207274,"price":"1047.5","amount":"1.60834372","exchange":"bitfinex","type":"buy"},{"timestamp":1486568157,"tid":26207273,"price":"1047.1","amount":"0.1","exchange":"bitfinex","type":"buy"},{"timestamp":1486568157,"tid":26207272,"price":"1047.0","amount":"0.29165628","exchange":"bitfinex","type":"buy"},{"timestamp":1486568155,"tid":26207271,"price":"1047.0","amount":"0.17834372","exchange":"bitfinex","type":"buy"},{"timestamp":1486568155,"tid":26207270,"price":"1047.0","amount":"0.226","exchange":"bitfinex","type":"buy"},{"timestamp":1486568155,"tid":26207269,"price":"1047.0","amount":"0.59565628","exchange":"bitfinex","type":"buy"},{"timestamp":1486568137,"tid":26207267,"price":"1046.7","amount":"0.01","exchange":"bitfinex","type":"sell"},{"timestamp":1486568136,"tid":26207266,"price":"1047.0","amount":"0.2419548","exchange":"bitfinex","type":"buy"},{"timestamp":1486568133,"tid":26207264,"price":"1047.0","amount":"2.0","exchange":"bitfinex","type":"buy"},{"timestamp":1486568121,"tid":26207259,"price":"1046.7","amount":"0.06452537","exchange":"bitfinex","type":"sell"},{"timestamp":1486568121,"tid":26207258,"price":"1047.0","amount":"1.0","exchange":"bitfinex","type":"buy"},{"timestamp":1486568121,"tid":26207256,"price":"1047.0","amount":"0.06488833","exchange":"bitfinex","type":"buy"},{"timestamp":1486568104,"tid":26207248,"price":"1046.7","amount":"0.01","exchange":"bitfinex","type":"sell"},{"timestamp":1486568103,"tid":26207247,"price":"1047.0","amount":"2.0","exchange":"bitfinex","type":"buy"},{"timestamp":1486568089,"tid":26207246,"price":"1046.7","amount":"0.01","exchange":"bitfinex","type":"sell"},{"timestamp":1486568087,"tid":26207245,"price":"1047.0","amount":"0.66095577","exchange":"bitfinex","type":"buy"},{"timestamp":1486568087,"tid":26207244,"price":"1046.8","amount":"1.234","exchange":"bitfinex","type":"buy"},{"timestamp":1486568087,"tid":26207243,"price":"1046.7","amount":"0.01","exchange":"bitfinex","type":"sell"},{"timestamp":1486568085,"tid":26207242,"price":"1046.8","amount":"1.252","exchange":"bitfinex","type":"buy"},{"timestamp":1486568080,"tid":26207241,"price":"1046.5","amount":"0.01","exchange":"bitfinex","type":"sell"},{"timestamp":1486568078,"tid":26207240,"price":"1046.5","amount":"0.01","exchange":"bitfinex","type":"sell"},{"timestamp":1486568076,"tid":26207239,"price":"1046.4","amount":"0.01","exchange":"bitfinex","type":"sell"},{"timestamp":1486568075,"tid":26207238,"price":"1046.2","amount":"0.1","exchange":"bitfinex","type":"sell"},{"timestamp":1486568074,"tid":26207237,"price":"1047.0","amount":"1.39119904","exchange":"bitfinex","type":"buy"},{"timestamp":1486568074,"tid":26207236,"price":"1046.9","amount":"0.01","exchange":"bitfinex","type":"buy"},{"timestamp":1486568074,"tid":26207235,"price":"1046.6","amount":"0.773","exchange":"bitfinex","type":"buy"},{"timestamp":1486568074,"tid":26207234,"price":"1046.6","amount":"0.609","exchange":"bitfinex","type":"buy"},{"timestamp":1486568074,"tid":26207233,"price":"1046.5","amount":"5.7195","exchange":"bitfinex","type":"buy"},{"timestamp":1486568074,"tid":26207232,"price":"1046.3","amount":"0.01","exchange":"bitfinex","type":"buy"},{"timestamp":1486568074,"tid":26207231,"price":"1045.9","amount":"0.47","exchange":"bitfinex","type":"buy"},{"timestamp":1486568074,"tid":26207230,"price":"1045.8","amount":"1.77318978","exchange":"bitfinex","type":"buy"},{"timestamp":1486568058,"tid":26207229,"price":"1045.5","amount":"0.01","exchange":"bitfinex","type":"sell"},{"timestamp":1486568056,"tid":26207225,"price":"1045.6","amount":"0.1509801","exchange":"bitfinex","type":"sell"},{"timestamp":1486568054,"tid":26207212,"price":"1045.6","amount":"0.01","exchange":"bitfinex","type":"sell"},{"timestamp":1486568052,"tid":26207211,"price":"1045.8","amount":"2.0","exchange":"bitfinex","type":"buy"},{"timestamp":1486568036,"tid":26207210,"price":"1045.4","amount":"0.01","exchange":"bitfinex","type":"sell"},{"timestamp":1486568034,"tid":26207209,"price":"1045.6","amount":"0.08066319","exchange":"bitfinex","type":"buy"},{"timestamp":1486568030,"tid":26207203,"price":"1045.1","amount":"0.01","exchange":"bitfinex","type":"sell"},{"timestamp":1486568027,"tid":26207202,"price":"1045.7","amount":"2.0","exchange":"bitfinex","type":"buy"},{"timestamp":1486568026,"tid":26207201,"price":"1045.6","amount":"0.01","exchange":"bitfinex","type":"sell"},{"timestamp":1486568024,"tid":26207199,"price":"1045.0","amount":"2.0","exchange":"bitfinex","type":"buy"},{"timestamp":1486568024,"tid":26207198,"price":"1045.0","amount":"4.01372428","exchange":"bitfinex","type":"buy"},{"timestamp":1486568023,"tid":26207197,"price":"1044.9","amount":"0.01","exchange":"bitfinex","type":"sell"},{"timestamp":1486568021,"tid":26207196,"price":"1045.0","amount":"1.0","exchange":"bitfinex","type":"buy"},{"timestamp":1486568009,"tid":26207194,"price":"1045.0","amount":"1.0","exchange":"bitfinex","type":"buy"},{"timestamp":1486568003,"tid":26207193,"price":"1045.0","amount":"0.10111368","exchange":"bitfinex","type":"buy"},{"timestamp":1486568003,"tid":26207192,"price":"1044.9","amount":"1.89888632","exchange":"bitfinex","type":"buy"},{"timestamp":1486567989,"tid":26207189,"price":"1044.9","amount":"1.0","exchange":"bitfinex","type":"buy"},{"timestamp":1486567974,"tid":26207188,"price":"1044.9","amount":"2.0","exchange":"bitfinex","type":"buy"},{"timestamp":1486567972,"tid":26207187,"price":"1044.9","amount":"0.10111368","exchange":"bitfinex","type":"buy"},{"timestamp":1486567967,"tid":26207184,"price":"1044.8","amount":"0.1","exchange":"bitfinex","type":"sell"},{"timestamp":1486567949,"tid":26207183,"price":"1044.9","amount":"2.0","exchange":"bitfinex","type":"buy"},{"timestamp":1486567936,"tid":26207182,"price":"1044.5","amount":"0.54117864","exchange":"bitfinex","type":"sell"},{"timestamp":1486567919,"tid":26207181,"price":"1044.9","amount":"2.0","exchange":"bitfinex","type":"buy"},{"timestamp":1486567900,"tid":26207180,"price":"1045.0","amount":"0.48499603","exchange":"bitfinex","type":"sell"},{"timestamp":1486567900,"tid":26207179,"price":"1045.1","amount":"1.0","exchange":"bitfinex","type":"sell"},{"timestamp":1486567892,"tid":26207175,"price":"1045.0","amount":"0.51500397","exchange":"bitfinex","type":"sell"},{"timestamp":1486567892,"tid":26207174,"price":"1045.0","amount":"1.317","exchange":"bitfinex","type":"sell"},{"timestamp":1486567892,"tid":26207173,"price":"1045.8","amount":"1.9","exchange":"bitfinex","type":"sell"},{"timestamp":1486567891,"tid":26207172,"price":"1045.6","amount":"0.05","exchange":"bitfinex","type":"buy"},{"timestamp":1486567891,"tid":26207171,"price":"1045.3","amount":"0.05","exchange":"bitfinex","type":"buy"},{"timestamp":1486567870,"tid":26207170,"price":"1045.1","amount":"1.0","exchange":"bitfinex","type":"buy"},{"timestamp":1486567823,"tid":26207160,"price":"1044.7","amount":"0.87","exchange":"bitfinex","type":"sell"},{"timestamp":1486567823,"tid":26207159,"price":"1044.7","amount":"0.1","exchange":"bitfinex","type":"sell"},{"timestamp":1486567823,"tid":26207158,"price":"1044.7","amount":"0.02","exchange":"bitfinex","type":"sell"},{"timestamp":1486567818,"tid":26207157,"price":"1044.9","amount":"0.5879102","exchange":"bitfinex","type":"sell"},{"timestamp":1486567818,"tid":26207156,"price":"1045.0","amount":"0.1","exchange":"bitfinex","type":"sell"},{"timestamp":1486567818,"tid":26207155,"price":"1045.0","amount":"0.2","exchange":"bitfinex","type":"sell"},{"timestamp":1486567818,"tid":26207154,"price":"1045.4","amount":"2.18","exchange":"bitfinex","type":"sell"},{"timestamp":1486567818,"tid":26207153,"price":"1046.0","amount":"0.07131575","exchange":"bitfinex","type":"sell"},{"timestamp":1486567818,"tid":26207152,"price":"1046.0","amount":"0.1","exchange":"bitfinex","type":"sell"},{"timestamp":1486567818,"tid":26207151,"price":"1046.1","amount":"0.76","exchange":"bitfinex","type":"sell"},{"timestamp":1486567818,"tid":26207150,"price":"1046.2","amount":"1.0","exchange":"bitfinex","type":"sell"},{"timestamp":1486567818,"tid":26207149,"price":"1046.2","amount":"0.1","exchange":"bitfinex","type":"sell"},{"timestamp":1486567818,"tid":26207148,"price":"1046.2","amount":"0.96077407","exchange":"bitfinex","type":"sell"},{"timestamp":1486567813,"tid":26207147,"price":"1046.2","amount":"0.128001","exchange":"bitfinex","type":"sell"},{"timestamp":1486567810,"tid":26207146,"price":"1046.2","amount":"0.01","exchange":"bitfinex","type":"sell"},{"timestamp":1486567790,"tid":26207144,"price":"1046.2","amount":"0.01","exchange":"bitfinex","type":"sell"},{"timestamp":1486567788,"tid":26207143,"price":"1046.2","amount":"0.01","exchange":"bitfinex","type":"sell"},{"timestamp":1486567747,"tid":26207142,"price":"1046.3","amount":"4.86210971","exchange":"bitfinex","type":"buy"},{"timestamp":1486567703,"tid":26207140,"price":"1046.2","amount":"0.02","exchange":"bitfinex","type":"sell"},{"timestamp":1486567703,"tid":26207139,"price":"1046.2","amount":"0.83122493","exchange":"bitfinex","type":"sell"},{"timestamp":1486567647,"tid":26207138,"price":"1046.4","amount":"0.01","exchange":"bitfinex","type":"buy"},{"timestamp":1486567630,"tid":26207133,"price":"1046.3","amount":"0.01","exchange":"bitfinex","type":"buy"},{"timestamp":1486567614,"tid":26207132,"price":"1046.2","amount":"0.03","exchange":"bitfinex","type":"sell"},{"timestamp":1486567595,"tid":26207131,"price":"1046.1","amount":"0.082","exchange":"bitfinex","type":"sell"},{"timestamp":1486567585,"tid":26207130,"price":"1046.0","amount":"44.0651188","exchange":"bitfinex","type":"sell"},{"timestamp":1486567585,"tid":26207129,"price":"1046.2","amount":"5.7124","exchange":"bitfinex","type":"sell"},{"timestamp":1486567585,"tid":26207128,"price":"1046.2","amount":"0.2224812","exchange":"bitfinex","type":"sell"},{"timestamp":1486567540,"tid":26207126,"price":"1046.2","amount":"2.27710793","exchange":"bitfinex","type":"sell"},{"timestamp":1486567540,"tid":26207125,"price":"1046.2","amount":"0.22289207","exchange":"bitfinex","type":"sell"},{"timestamp":1486567493,"tid":26207123,"price":"1046.7","amount":"1.03","exchange":"bitfinex","type":"buy"},{"timestamp":1486567493,"tid":26207122,"price":"1046.5","amount":"0.97","exchange":"bitfinex","type":"buy"},{"timestamp":1486567475,"tid":26207121,"price":"1046.4","amount":"0.0205","exchange":"bitfinex","type":"buy"},{"timestamp":1486567458,"tid":26207119,"price":"1046.5","amount":"0.01","exchange":"bitfinex","type":"buy"},{"timestamp":1486567453,"tid":26207118,"price":"1046.1","amount":"2.5","exchange":"bitfinex","type":"sell"},{"timestamp":1486567451,"tid":26207117,"price":"1046.3","amount":"1.0","exchange":"bitfinex","type":"buy"},{"timestamp":1486567448,"tid":26207116,"price":"1046.3","amount":"0.93280103","exchange":"bitfinex","type":"buy"},{"timestamp":1486567448,"tid":26207115,"price":"1046.2","amount":"0.06719897","exchange":"bitfinex","type":"buy"},{"timestamp":1486567445,"tid":26207114,"price":"1046.2","amount":"1.0","exchange":"bitfinex","type":"buy"},{"timestamp":1486567425,"tid":26207113,"price":"1046.2","amount":"0.92280103","exchange":"bitfinex","type":"buy"},{"timestamp":1486567422,"tid":26207110,"price":"1046.2","amount":"0.01","exchange":"bitfinex","type":"buy"},{"timestamp":1486567422,"tid":26207109,"price":"1046.0","amount":"2.5","exchange":"bitfinex","type":"sell"},{"timestamp":1486567420,"tid":26207107,"price":"1046.0","amount":"0.1","exchange":"bitfinex","type":"sell"},{"timestamp":1486567409,"tid":26207106,"price":"1046.3","amount":"0.04","exchange":"bitfinex","type":"buy"},{"timestamp":1486567404,"tid":26207105,"price":"1046.3","amount":"0.01","exchange":"bitfinex","type":"buy"},{"timestamp":1486567401,"tid":26207104,"price":"1046.3","amount":"0.01","exchange":"bitfinex","type":"buy"},{"timestamp":1486567399,"tid":26207103,"price":"1046.1","amount":"4.0","exchange":"bitfinex","type":"sell"},{"timestamp":1486567392,"tid":26207102,"price":"1046.5","amount":"0.01","exchange":"bitfinex","type":"buy"},{"timestamp":1486567378,"tid":26207101,"price":"1046.3","amount":"0.07577265","exchange":"bitfinex","type":"sell"},{"timestamp":1486567356,"tid":26207097,"price":"1046.5","amount":"0.01","exchange":"bitfinex","type":"buy"},{"timestamp":1486567353,"tid":26207096,"price":"1046.4","amount":"5.7192","exchange":"bitfinex","type":"sell"},{"timestamp":1486567344,"tid":26207095,"price":"1046.2","amount":"1.02110254","exchange":"bitfinex","type":"buy"},{"timestamp":1486567343,"tid":26207094,"price":"1046.0","amount":"0.102072","exchange":"bitfinex","type":"sell"},{"timestamp":1486567336,"tid":26207093,"price":"1046.2","amount":"0.01","exchange":"bitfinex","type":"buy"},{"timestamp":1486567321,"tid":26207092,"price":"1046.1","amount":"1.97777763","exchange":"bitfinex","type":"buy"},{"timestamp":1486567321,"tid":26207091,"price":"1046.1","amount":"1.02222237","exchange":"bitfinex","type":"buy"},{"timestamp":1486567320,"tid":26207090,"price":"1046.0","amount":"0.082184","exchange":"bitfinex","type":"sell"},{"timestamp":1486567295,"tid":26207089,"price":"1046.2","amount":"0.01","exchange":"bitfinex","type":"buy"},{"timestamp":1486567289,"tid":26207088,"price":"1046.0","amount":"0.04789","exchange":"bitfinex","type":"sell"},{"timestamp":1486567286,"tid":26207087,"price":"1046.2","amount":"0.01","exchange":"bitfinex","type":"buy"},{"timestamp":1486567283,"tid":26207085,"price":"1046.1","amount":"0.09264228","exchange":"bitfinex","type":"buy"},{"timestamp":1486567278,"tid":26207084,"price":"1046.1","amount":"0.01","exchange":"bitfinex","type":"buy"},{"timestamp":1486567270,"tid":26207083,"price":"1046.1","amount":"0.036619","exchange":"bitfinex","type":"sell"},{"timestamp":1486567268,"tid":26207082,"price":"1046.2","amount":"0.01","exchange":"bitfinex","type":"buy"},{"timestamp":1486567265,"tid":26207081,"price":"1046.0","amount":"0.0247","exchange":"bitfinex","type":"sell"},{"timestamp":1486567257,"tid":26207079,"price":"1046.2","amount":"0.02218719","exchange":"bitfinex","type":"buy"},{"timestamp":1486567257,"tid":26207078,"price":"1046.1","amount":"0.4","exchange":"bitfinex","type":"buy"},{"timestamp":1486567234,"tid":26207075,"price":"1046.2","amount":"0.16240549","exchange":"bitfinex","type":"buy"},{"timestamp":1486567234,"tid":26207074,"price":"1046.1","amount":"0.11695148","exchange":"bitfinex","type":"sell"},{"timestamp":1486567229,"tid":26207072,"price":"1046.2","amount":"0.5","exchange":"bitfinex","type":"buy"},{"timestamp":1486567228,"tid":26207071,"price":"1046.1","amount":"4.3664","exchange":"bitfinex","type":"buy"},{"timestamp":1486567228,"tid":26207070,"price":"1046.1","amount":"1.353","exchange":"bitfinex","type":"buy"},{"timestamp":1486567228,"tid":26207069,"price":"1046.2","amount":"0.01","exchange":"bitfinex","type":"buy"},{"timestamp":1486567220,"tid":26207067,"price":"1046.1","amount":"0.27660987","exchange":"bitfinex","type":"sell"},{"timestamp":1486567206,"tid":26207065,"price":"1046.3","amount":"0.01","exchange":"bitfinex","type":"buy"},{"timestamp":1486567204,"tid":26207064,"price":"1046.0","amount":"30.0","exchange":"bitfinex","type":"sell"},{"timestamp":1486567187,"tid":26207063,"price":"1046.4","amount":"0.01","exchange":"bitfinex","type":"buy"},{"timestamp":1486567185,"tid":26207062,"price":"1046.4","amount":"0.1","exchange":"bitfinex","type":"buy"},{"timestamp":1486567183,"tid":26207061,"price":"1046.3","amount":"0.01","exchange":"bitfinex","type":"buy"},{"timestamp":1486567182,"tid":26207060,"price":"1046.2","amount":"0.96","exchange":"bitfinex","type":"sell"},{"timestamp":1486567177,"tid":26207059,"price":"1046.4","amount":"0.1","exchange":"bitfinex","type":"buy"},{"timestamp":1486567176,"tid":26207058,"price":"1046.5","amount":"0.01","exchange":"bitfinex","type":"buy"},{"timestamp":1486567172,"tid":26207057,"price":"1046.2","amount":"1.68114522","exchange":"bitfinex","type":"buy"},{"timestamp":1486567170,"tid":26207056,"price":"1046.3","amount":"0.01","exchange":"bitfinex","type":"buy"},{"timestamp":1486567167,"tid":26207055,"price":"1046.0","amount":"3.776","exchange":"bitfinex","type":"sell"},{"timestamp":1486567167,"tid":26207054,"price":"1046.2","amount":"5.694","exchange":"bitfinex","type":"sell"},{"timestamp":1486567167,"tid":26207053,"price":"1046.4","amount":"0.9","exchange":"bitfinex","type":"sell"},{"timestamp":1486567167,"tid":26207052,"price":"1046.4","amount":"9.63","exchange":"bitfinex","type":"sell"},{"timestamp":1486567163,"tid":26207051,"price":"1046.5","amount":"0.01","exchange":"bitfinex","type":"buy"},{"timestamp":1486567162,"tid":26207050,"price":"1046.5","amount":"0.1","exchange":"bitfinex","type":"buy"},{"timestamp":1486567157,"tid":26207049,"price":"1046.3","amount":"0.050462","exchange":"bitfinex","type":"sell"},{"timestamp":1486567154,"tid":26207047,"price":"1046.4","amount":"0.304976","exchange":"bitfinex","type":"buy"},{"timestamp":1486567154,"tid":26207046,"price":"1046.4","amount":"1.319","exchange":"bitfinex","type":"buy"},{"timestamp":1486567154,"tid":26207045,"price":"1046.4","amount":"0.076024","exchange":"bitfinex","type":"buy"},{"timestamp":1486567148,"tid":26207044,"price":"1046.4","amount":"0.01","exchange":"bitfinex","type":"buy"},{"timestamp":1486567147,"tid":26207043,"price":"1046.3","amount":"0.01","exchange":"bitfinex","type":"sell"},{"timestamp":1486567129,"tid":26207042,"price":"1046.4","amount":"0.67","exchange":"bitfinex","type":"sell"},{"timestamp":1486567129,"tid":26207041,"price":"1046.4","amount":"0.33","exchange":"bitfinex","type":"sell"},{"timestamp":1486567129,"tid":26207040,"price":"1046.4","amount":"1.0","exchange":"bitfinex","type":"sell"},{"timestamp":1486567128,"tid":26207039,"price":"1046.6","amount":"1.0","exchange":"bitfinex","type":"sell"},{"timestamp":1486567127,"tid":26207038,"price":"1046.7","amount":"0.65","exchange":"bitfinex","type":"buy"},{"timestamp":1486567117,"tid":26207036,"price":"1046.5","amount":"0.01","exchange":"bitfinex","type":"sell"},{"timestamp":1486567106,"tid":26207035,"price":"1046.9","amount":"0.30979302","exchange":"bitfinex","type":"buy"},{"timestamp":1486567103,"tid":26207034,"price":"1046.4","amount":"0.2376853","exchange":"bitfinex","type":"sell"},{"timestamp":1486567095,"tid":26207028,"price":"1047.0","amount":"0.10374805","exchange":"bitfinex","type":"buy"},{"timestamp":1486567095,"tid":26207027,"price":"1047.0","amount":"0.0241","exchange":"bitfinex","type":"buy"},{"timestamp":1486567094,"tid":26207026,"price":"1047.0","amount":"0.01","exchange":"bitfinex","type":"buy"},{"timestamp":1486567092,"tid":26207025,"price":"1047.0","amount":"1.90749773","exchange":"bitfinex","type":"buy"},{"timestamp":1486567092,"tid":26207024,"price":"1047.0","amount":"0.0999","exchange":"bitfinex","type":"buy"},{"timestamp":1486567092,"tid":26207023,"price":"1047.0","amount":"0.024451","exchange":"bitfinex","type":"buy"},{"timestamp":1486567090,"tid":26207022,"price":"1046.9","amount":"0.49","exchange":"bitfinex","type":"buy"},{"timestamp":1486567090,"tid":26207021,"price":"1046.8","amount":"0.01","exchange":"bitfinex","type":"buy"},{"timestamp":1486567082,"tid":26207020,"price":"1046.4","amount":"0.048605","exchange":"bitfinex","type":"sell"},{"timestamp":1486567081,"tid":26207019,"price":"1046.5","amount":"0.099896","exchange":"bitfinex","type":"sell"},{"timestamp":1486567080,"tid":26207018,"price":"1046.9","amount":"5.0","exchange":"bitfinex","type":"buy"},{"timestamp":1486567077,"tid":26207017,"price":"1046.3","amount":"9.0","exchange":"bitfinex","type":"buy"},{"timestamp":1486567074,"tid":26207016,"price":"1046.9","amount":"2.84698448","exchange":"bitfinex","type":"buy"},{"timestamp":1486567074,"tid":26207015,"price":"1046.9","amount":"0.98","exchange":"bitfinex","type":"buy"},{"timestamp":1486567074,"tid":26207014,"price":"1046.8","amount":"1.84","exchange":"bitfinex","type":"buy"},{"timestamp":1486567074,"tid":26207013,"price":"1046.6","amount":"0.165","exchange":"bitfinex","type":"buy"},{"timestamp":1486567074,"tid":26207012,"price":"1046.6","amount":"1.0","exchange":"bitfinex","type":"buy"},{"timestamp":1486567074,"tid":26207011,"price":"1046.5","amount":"0.22363516","exchange":"bitfinex","type":"buy"},{"timestamp":1486567074,"tid":26207010,"price":"1046.4","amount":"12.25","exchange":"bitfinex","type":"buy"},{"timestamp":1486567074,"tid":26207009,"price":"1046.3","amount":"10.0","exchange":"bitfinex","type":"buy"},{"timestamp":1486567074,"tid":26207008,"price":"1046.1","amount":"0.69438036","exchange":"bitfinex","type":"buy"},{"timestamp":1486567074,"tid":26207007,"price":"1046.0","amount":"0.48023772","exchange":"bitfinex","type":"sell"},{"timestamp":1486567074,"tid":26207006,"price":"1046.0","amount":"0.063709","exchange":"bitfinex","type":"sell"},{"timestamp":1486567074,"tid":26207005,"price":"1046.0","amount":"5.657391","exchange":"bitfinex","type":"sell"},{"timestamp":1486567074,"tid":26207004,"price":"1046.0","amount":"14.342609","exchange":"bitfinex","type":"sell"},{"timestamp":1486567069,"tid":26207003,"price":"1046.0","amount":"0.192","exchange":"bitfinex","type":"sell"},{"timestamp":1486567062,"tid":26207001,"price":"1046.0","amount":"0.075391","exchange":"bitfinex","type":"sell"},{"timestamp":1486567060,"tid":26207000,"price":"1046.0","amount":"0.01","exchange":"bitfinex","type":"sell"},{"timestamp":1486567051,"tid":26206997,"price":"1046.1","amount":"0.01","exchange":"bitfinex","type":"buy"},{"timestamp":1486567048,"tid":26206996,"price":"1046.0","amount":"0.01398627","exchange":"bitfinex","type":"sell"},{"timestamp":1486567047,"tid":26206994,"price":"1046.1","amount":"0.01","exchange":"bitfinex","type":"buy"},{"timestamp":1486567047,"tid":26206993,"price":"1046.0","amount":"0.023642","exchange":"bitfinex","type":"buy"},{"timestamp":1486567046,"tid":26206992,"price":"1046.0","amount":"0.18900335","exchange":"bitfinex","type":"sell"},{"timestamp":1486567032,"tid":26206989,"price":"1046.0","amount":"35.0","exchange":"bitfinex","type":"buy"},{"timestamp":1486567032,"tid":26206988,"price":"1046.0","amount":"1.02097","exchange":"bitfinex","type":"buy"},{"timestamp":1486567032,"tid":26206987,"price":"1046.0","amount":"10.0","exchange":"bitfinex","type":"buy"},{"timestamp":1486567032,"tid":26206986,"price":"1046.0","amount":"0.024451","exchange":"bitfinex","type":"buy"},{"timestamp":1486567032,"tid":26206985,"price":"1046.0","amount":"0.10546649","exchange":"bitfinex","type":"buy"},{"timestamp":1486567032,"tid":26206984,"price":"1045.9","amount":"2.0","exchange":"bitfinex","type":"buy"},{"timestamp":1486567027,"tid":26206983,"price":"1045.8","amount":"0.01","exchange":"bitfinex","type":"sell"},{"timestamp":1486567026,"tid":26206982,"price":"1045.9","amount":"0.1","exchange":"bitfinex","type":"buy"},{"timestamp":1486567024,"tid":26206981,"price":"1045.9","amount":"3.15","exchange":"bitfinex","type":"buy"},{"timestamp":1486567019,"tid":26206980,"price":"1045.9","amount":"2.5","exchange":"bitfinex","type":"buy"},{"timestamp":1486567016,"tid":26206979,"price":"1045.9","amount":"0.01","exchange":"bitfinex","type":"buy"},{"timestamp":1486567006,"tid":26206978,"price":"1046.0","amount":"0.0241","exchange":"bitfinex","type":"buy"},{"timestamp":1486567000,"tid":26206977,"price":"1045.9","amount":"0.40518242","exchange":"bitfinex","type":"buy"},{"timestamp":1486567000,"tid":26206976,"price":"1045.5","amount":"0.2","exchange":"bitfinex","type":"buy"},{"timestamp":1486566996,"tid":26206975,"price":"1045.1","amount":"0.03764458","exchange":"bitfinex","type":"sell"},{"timestamp":1486566994,"tid":26206972,"price":"1046.0","amount":"0.01","exchange":"bitfinex","type":"buy"},{"timestamp":1486566986,"tid":26206970,"price":"1045.3","amount":"0.140691","exchange":"bitfinex","type":"sell"},{"timestamp":1486566985,"tid":26206969,"price":"1045.3","amount":"0.20738815","exchange":"bitfinex","type":"sell"},{"timestamp":1486566983,"tid":26206968,"price":"1045.8","amount":"5.0","exchange":"bitfinex","type":"buy"},{"timestamp":1486566982,"tid":26206967,"price":"1045.7","amount":"0.121923","exchange":"bitfinex","type":"sell"},{"timestamp":1486566981,"tid":26206964,"price":"1045.8","amount":"0.01","exchange":"bitfinex","type":"buy"},{"timestamp":1486566978,"tid":26206962,"price":"1045.2","amount":"0.138221","exchange":"bitfinex","type":"sell"},{"timestamp":1486566977,"tid":26206961,"price":"1045.8","amount":"4.05103593","exchange":"bitfinex","type":"buy"},{"timestamp":1486566977,"tid":26206960,"price":"1045.7","amount":"0.33550105","exchange":"bitfinex","type":"buy"},{"timestamp":1486566977,"tid":26206959,"price":"1045.5","amount":"1.0","exchange":"bitfinex","type":"buy"},{"timestamp":1486566977,"tid":26206958,"price":"1045.4","amount":"1.701","exchange":"bitfinex","type":"buy"},{"timestamp":1486566977,"tid":26206957,"price":"1045.3","amount":"1.766","exchange":"bitfinex","type":"buy"},{"timestamp":1486566973,"tid":26206956,"price":"1045.0","amount":"0.042476","exchange":"bitfinex","type":"sell"},{"timestamp":1486566966,"tid":26206955,"price":"1045.1","amount":"0.01","exchange":"bitfinex","type":"buy"},{"timestamp":1486566965,"tid":26206954,"price":"1045.1","amount":"0.0241","exchange":"bitfinex","type":"buy"},{"timestamp":1486566962,"tid":26206953,"price":"1045.4","amount":"1.672","exchange":"bitfinex","type":"sell"},{"timestamp":1486566962,"tid":26206950,"price":"1045.2","amount":"0.048614","exchange":"bitfinex","type":"sell"},{"timestamp":1486566961,"tid":26206949,"price":"1045.4","amount":"0.456942","exchange":"bitfinex","type":"sell"},{"timestamp":1486566959,"tid":26206948,"price":"1045.0","amount":"0.3229173","exchange":"bitfinex","type":"buy"},{"timestamp":1486566959,"tid":26206947,"price":"1045.0","amount":"2.656792","exchange":"bitfinex","type":"buy"},{"timestamp":1486566959,"tid":26206946,"price":"1045.0","amount":"0.01","exchange":"bitfinex","type":"buy"},{"timestamp":1486566959,"tid":26206945,"price":"1045.0","amount":"0.05","exchange":"bitfinex","type":"buy"},{"timestamp":1486566959,"tid":26206944,"price":"1045.0","amount":"0.015","exchange":"bitfinex","type":"buy"},{"timestamp":1486566959,"tid":26206943,"price":"1045.0","amount":"10.0","exchange":"bitfinex","type":"buy"},{"timestamp":1486566959,"tid":26206942,"price":"1045.0","amount":"0.01","exchange":"bitfinex","type":"buy"},{"timestamp":1486566959,"tid":26206941,"price":"1045.0","amount":"0.0100899","exchange":"bitfinex","type":"buy"},{"timestamp":1486566959,"tid":26206940,"price":"1045.0","amount":"0.024451","exchange":"bitfinex","type":"buy"},{"timestamp":1486566959,"tid":26206939,"price":"1045.0","amount":"60.0","exchange":"bitfinex","type":"buy"},{"timestamp":1486566959,"tid":26206938,"price":"1045.0","amount":"0.5","exchange":"bitfinex","type":"buy"},{"timestamp":1486566959,"tid":26206937,"price":"1044.9","amount":"3.0","exchange":"bitfinex","type":"buy"},{"timestamp":1486566959,"tid":26206936,"price":"1044.9","amount":"0.34","exchange":"bitfinex","type":"buy"},{"timestamp":1486566959,"tid":26206935,"price":"1044.8","amount":"0.06","exchange":"bitfinex","type":"buy"},{"timestamp":1486566959,"tid":26206934,"price":"1044.7","amount":"0.237617","exchange":"bitfinex","type":"buy"},{"timestamp":1486566959,"tid":26206933,"price":"1044.1","amount":"1.672","exchange":"bitfinex","type":"buy"},{"timestamp":1486566959,"tid":26206932,"price":"1044.0","amount":"0.46501652","exchange":"bitfinex","type":"buy"},{"timestamp":1486566950,"tid":26206931,"price":"1044.0","amount":"0.01","exchange":"bitfinex","type":"buy"},{"timestamp":1486566947,"tid":26206930,"price":"1043.9","amount":"2.78094249","exchange":"bitfinex","type":"sell"},{"timestamp":1486566944,"tid":26206929,"price":"1044.0","amount":"1.103981","exchange":"bitfinex","type":"sell"},{"timestamp":1486566906,"tid":26206921,"price":"1044.4","amount":"0.179","exchange":"bitfinex","type":"buy"},{"timestamp":1486566906,"tid":26206920,"price":"1044.4","amount":"0.01","exchange":"bitfinex","type":"buy"},{"timestamp":1486566903,"tid":26206919,"price":"1044.5","amount":"0.018","exchange":"bitfinex","type":"buy"},{"timestamp":1486566901,"tid":26206918,"price":"1044.4","amount":"0.2","exchange":"bitfinex","type":"sell"},{"timestamp":1486566901,"tid":26206917,"price":"1044.4","amount":"0.2","exchange":"bitfinex","type":"sell"},{"timestamp":1486566900,"tid":26206916,"price":"1044.5","amount":"1.803","exchange":"bitfinex","type":"buy"},{"timestamp":1486566897,"tid":26206915,"price":"1044.5","amount":"1.248","exchange":"bitfinex","type":"buy"},{"timestamp":1486566892,"tid":26206914,"price":"1044.5","amount":"1.74119431","exchange":"bitfinex","type":"buy"},{"timestamp":1486566892,"tid":26206913,"price":"1044.5","amount":"0.01080569","exchange":"bitfinex","type":"buy"},{"timestamp":1486566879,"tid":26206911,"price":"1044.5","amount":"0.71708356","exchange":"bitfinex","type":"buy"},{"timestamp":1486566875,"tid":26206910,"price":"1044.4","amount":"0.080675","exchange":"bitfinex","type":"sell"},{"timestamp":1486566844,"tid":26206909,"price":"1044.4","amount":"0.01","exchange":"bitfinex","type":"buy"},{"timestamp":1486566840,"tid":26206908,"price":"1044.2","amount":"4.79","exchange":"bitfinex","type":"buy"},{"timestamp":1486566840,"tid":26206907,"price":"1044.2","amount":"0.21","exchange":"bitfinex","type":"buy"},{"timestamp":1486566832,"tid":26206906,"price":"1043.5","amount":"0.8862","exchange":"bitfinex","type":"sell"},{"timestamp":1486566832,"tid":26206905,"price":"1043.6","amount":"0.7","exchange":"bitfinex","type":"sell"},{"timestamp":1486566832,"tid":26206904,"price":"1043.7","amount":"5.7138","exchange":"bitfinex","type":"sell"},{"timestamp":1486566832,"tid":26206903,"price":"1044.2","amount":"2.0","exchange":"bitfinex","type":"sell"},{"timestamp":1486566832,"tid":26206902,"price":"1044.3","amount":"0.5","exchange":"bitfinex","type":"sell"},{"timestamp":1486566832,"tid":26206901,"price":"1044.4","amount":"0.2","exchange":"bitfinex","type":"sell"},{"timestamp":1486566820,"tid":26206900,"price":"1044.4","amount":"2.73296644","exchange":"bitfinex","type":"buy"},{"timestamp":1486566820,"tid":26206899,"price":"1044.4","amount":"2.26703356","exchange":"bitfinex","type":"buy"},{"timestamp":1486566819,"tid":26206898,"price":"1044.4","amount":"4.04066644","exchange":"bitfinex","type":"buy"},{"timestamp":1486566815,"tid":26206897,"price":"1044.4","amount":"0.01","exchange":"bitfinex","type":"buy"},{"timestamp":1486566813,"tid":26206896,"price":"1044.3","amount":"0.4","exchange":"bitfinex","type":"sell"},{"timestamp":1486566808,"tid":26206895,"price":"1044.4","amount":"5.7323","exchange":"bitfinex","type":"buy"},{"timestamp":1486566804,"tid":26206894,"price":"1044.5","amount":"0.01","exchange":"bitfinex","type":"buy"},{"timestamp":1486566800,"tid":26206893,"price":"1044.3","amount":"0.1","exchange":"bitfinex","type":"sell"},{"timestamp":1486566788,"tid":26206891,"price":"1044.6","amount":"0.01","exchange":"bitfinex","type":"buy"},{"timestamp":1486566777,"tid":26206890,"price":"1044.3","amount":"0.01","exchange":"bitfinex","type":"buy"},{"timestamp":1486566772,"tid":26206889,"price":"1044.4","amount":"0.01","exchange":"bitfinex","type":"buy"},{"timestamp":1486566762,"tid":26206884,"price":"1044.5","amount":"0.01","exchange":"bitfinex","type":"buy"},{"timestamp":1486566736,"tid":26206882,"price":"1044.3","amount":"0.01","exchange":"bitfinex","type":"buy"},{"timestamp":1486566712,"tid":26206880,"price":"1044.3","amount":"0.01","exchange":"bitfinex","type":"buy"},{"timestamp":1486566711,"tid":26206879,"price":"1044.6","amount":"0.01","exchange":"bitfinex","type":"buy"},{"timestamp":1486566708,"tid":26206877,"price":"1043.4","amount":"2.96043399","exchange":"bitfinex","type":"buy"},{"timestamp":1486566708,"tid":26206876,"price":"1043.2","amount":"0.07067662","exchange":"bitfinex","type":"sell"},{"timestamp":1486566708,"tid":26206875,"price":"1044.6","amount":"1.25","exchange":"bitfinex","type":"buy"},{"timestamp":1486566708,"tid":26206874,"price":"1044.6","amount":"1.04","exchange":"bitfinex","type":"buy"},{"timestamp":1486566708,"tid":26206873,"price":"1044.6","amount":"0.0242","exchange":"bitfinex","type":"buy"},{"timestamp":1486566707,"tid":26206872,"price":"1043.7","amount":"0.01","exchange":"bitfinex","type":"buy"},{"timestamp":1486566704,"tid":26206868,"price":"1044.7","amount":"0.01","exchange":"bitfinex","type":"buy"},{"timestamp":1486566703,"tid":26206867,"price":"1043.5","amount":"0.37","exchange":"bitfinex","type":"buy"},{"timestamp":1486566703,"tid":26206866,"price":"1043.5","amount":"0.24689523","exchange":"bitfinex","type":"buy"},{"timestamp":1486566701,"tid":26206865,"price":"1044.6","amount":"2.36762683","exchange":"bitfinex","type":"buy"},{"timestamp":1486566701,"tid":26206864,"price":"1044.6","amount":"0.01933882","exchange":"bitfinex","type":"buy"},{"timestamp":1486566701,"tid":26206863,"price":"1044.5","amount":"1.08","exchange":"bitfinex","type":"buy"},{"timestamp":1486566701,"tid":26206862,"price":"1044.5","amount":"0.09078375","exchange":"bitfinex","type":"buy"},{"timestamp":1486566701,"tid":26206861,"price":"1044.4","amount":"1.29","exchange":"bitfinex","type":"buy"},{"timestamp":1486566701,"tid":26206860,"price":"1044.4","amount":"1.0","exchange":"bitfinex","type":"buy"},{"timestamp":1486566701,"tid":26206859,"price":"1044.0","amount":"0.90113198","exchange":"bitfinex","type":"buy"},{"timestamp":1486566701,"tid":26206858,"price":"1044.0","amount":"0.01048409","exchange":"bitfinex","type":"buy"},{"timestamp":1486566701,"tid":26206857,"price":"1044.0","amount":"0.10608373","exchange":"bitfinex","type":"buy"},{"timestamp":1486566701,"tid":26206856,"price":"1044.0","amount":"10.0","exchange":"bitfinex","type":"buy"},{"timestamp":1486566701,"tid":26206855,"price":"1044.0","amount":"0.0245508","exchange":"bitfinex","type":"buy"},{"timestamp":1486566701,"tid":26206854,"price":"1043.8","amount":"2.0","exchange":"bitfinex","type":"buy"},{"timestamp":1486566701,"tid":26206853,"price":"1043.7","amount":"0.01","exchange":"bitfinex","type":"buy"},{"timestamp":1486566701,"tid":26206852,"price":"1043.6","amount":"0.1","exchange":"bitfinex","type":"buy"},{"timestamp":1486566701,"tid":26206851,"price":"1043.3","amount":"1.0","exchange":"bitfinex","type":"buy"},{"timestamp":1486566699,"tid":26206850,"price":"1043.0","amount":"0.03956601","exchange":"bitfinex","type":"sell"},{"timestamp":1486566687,"tid":26206848,"price":"1043.1","amount":"0.25680757","exchange":"bitfinex","type":"sell"},{"timestamp":1486566687,"tid":26206847,"price":"1043.1","amount":"1.10462843","exchange":"bitfinex","type":"sell"},{"timestamp":1486566686,"tid":26206846,"price":"1043.2","amount":"0.1","exchange":"bitfinex","type":"buy"},{"timestamp":1486566684,"tid":26206845,"price":"1043.2","amount":"0.02906411","exchange":"bitfinex","type":"buy"},{"timestamp":1486566681,"tid":26206843,"price":"1043.2","amount":"0.0485","exchange":"bitfinex","type":"buy"},{"timestamp":1486566669,"tid":26206841,"price":"1043.2","amount":"0.53078624","exchange":"bitfinex","type":"buy"},{"timestamp":1486566669,"tid":26206840,"price":"1043.2","amount":"0.22289207","exchange":"bitfinex","type":"buy"},{"timestamp":1486566659,"tid":26206836,"price":"1043.1","amount":"0.188387","exchange":"bitfinex","type":"sell"},{"timestamp":1486566653,"tid":26206835,"price":"1043.1","amount":"0.1","exchange":"bitfinex","type":"sell"},{"timestamp":1486566639,"tid":26206832,"price":"1043.1","amount":"0.60698457","exchange":"bitfinex","type":"sell"},{"timestamp":1486566639,"tid":26206831,"price":"1043.1","amount":"1.01201543","exchange":"bitfinex","type":"sell"},{"timestamp":1486566635,"tid":26206830,"price":"1043.2","amount":"5.6338901","exchange":"bitfinex","type":"buy"},{"timestamp":1486566595,"tid":26206828,"price":"1043.1","amount":"0.27633316","exchange":"bitfinex","type":"sell"},{"timestamp":1486566590,"tid":26206825,"price":"1043.1","amount":"0.24259991","exchange":"bitfinex","type":"sell"},{"timestamp":1486566574,"tid":26206822,"price":"1043.1","amount":"0.0812443","exchange":"bitfinex","type":"sell"},{"timestamp":1486566571,"tid":26206821,"price":"1043.1","amount":"0.0878072","exchange":"bitfinex","type":"sell"},{"timestamp":1486566571,"tid":26206820,"price":"1043.1","amount":"0.0330308","exchange":"bitfinex","type":"sell"},{"timestamp":1486566568,"tid":26206819,"price":"1043.2","amount":"5.741","exchange":"bitfinex","type":"buy"},{"timestamp":1486566566,"tid":26206818,"price":"1043.2","amount":"0.06","exchange":"bitfinex","type":"buy"},{"timestamp":1486566547,"tid":26206817,"price":"1043.1","amount":"0.02","exchange":"bitfinex","type":"sell"},{"timestamp":1486566499,"tid":26206815,"price":"1043.2","amount":"0.0301206","exchange":"bitfinex","type":"buy"},{"timestamp":1486566482,"tid":26206814,"price":"1043.2","amount":"0.0602412","exchange":"bitfinex","type":"buy"},{"timestamp":1486566476,"tid":26206813,"price":"1043.2","amount":"1.35665654","exchange":"bitfinex","type":"buy"},{"timestamp":1486566466,"tid":26206812,"price":"1043.1","amount":"0.035599","exchange":"bitfinex","type":"sell"},{"timestamp":1486566463,"tid":26206810,"price":"1043.2","amount":"0.5","exchange":"bitfinex","type":"buy"},{"timestamp":1486566459,"tid":26206809,"price":"1043.0","amount":"35.88241954","exchange":"bitfinex","type":"buy"},{"timestamp":1486566459,"tid":26206808,"price":"1043.0","amount":"0.5","exchange":"bitfinex","type":"buy"},{"timestamp":1486566459,"tid":26206807,"price":"1043.0","amount":"3.61758046","exchange":"bitfinex","type":"buy"},{"timestamp":1486566444,"tid":26206806,"price":"1043.0","amount":"5.0","exchange":"bitfinex","type":"buy"},{"timestamp":1486566444,"tid":26206805,"price":"1043.0","amount":"1.38241954","exchange":"bitfinex","type":"buy"},{"timestamp":1486566444,"tid":26206804,"price":"1043.0","amount":"0.0245508","exchange":"bitfinex","type":"buy"},{"timestamp":1486566431,"tid":26206803,"price":"1042.9","amount":"1.65692048","exchange":"bitfinex","type":"buy"},{"timestamp":1486566431,"tid":26206802,"price":"1042.9","amount":"0.0589934","exchange":"bitfinex","type":"buy"},{"timestamp":1486566431,"tid":26206801,"price":"1042.3","amount":"18.28408612","exchange":"bitfinex","type":"buy"},{"timestamp":1486566430,"tid":26206800,"price":"1042.3","amount":"2.0","exchange":"bitfinex","type":"buy"},{"timestamp":1486566428,"tid":26206799,"price":"1042.3","amount":"3.0","exchange":"bitfinex","type":"buy"},{"timestamp":1486566426,"tid":26206798,"price":"1042.3","amount":"0.262","exchange":"bitfinex","type":"buy"},{"timestamp":1486566422,"tid":26206797,"price":"1042.3","amount":"1.994","exchange":"bitfinex","type":"buy"},{"timestamp":1486566419,"tid":26206796,"price":"1042.3","amount":"1.02427091","exchange":"bitfinex","type":"buy"},{"timestamp":1486566419,"tid":26206795,"price":"1042.3","amount":"0.744","exchange":"bitfinex","type":"buy"},{"timestamp":1486566414,"tid":26206794,"price":"1042.3","amount":"3.73200397","exchange":"bitfinex","type":"buy"},{"timestamp":1486566411,"tid":26206793,"price":"1042.3","amount":"1.612","exchange":"bitfinex","type":"buy"},{"timestamp":1486566408,"tid":26206792,"price":"1042.3","amount":"1.388","exchange":"bitfinex","type":"buy"},{"timestamp":1486566396,"tid":26206791,"price":"1042.3","amount":"3.0","exchange":"bitfinex","type":"buy"},{"timestamp":1486566394,"tid":26206790,"price":"1042.2","amount":"0.21448083","exchange":"bitfinex","type":"sell"},{"timestamp":1486566390,"tid":26206789,"price":"1042.3","amount":"0.02","exchange":"bitfinex","type":"buy"},{"timestamp":1486566373,"tid":26206787,"price":"1042.3","amount":"1.0","exchange":"bitfinex","type":"buy"},{"timestamp":1486566369,"tid":26206786,"price":"1042.3","amount":"0.425","exchange":"bitfinex","type":"buy"},{"timestamp":1486566365,"tid":26206785,"price":"1042.3","amount":"0.514639","exchange":"bitfinex","type":"buy"},{"timestamp":1486566365,"tid":26206784,"price":"1042.2","amount":"0.45","exchange":"bitfinex","type":"buy"},{"timestamp":1486566365,"tid":26206783,"price":"1042.2","amount":"1.0","exchange":"bitfinex","type":"buy"},{"timestamp":1486566365,"tid":26206782,"price":"1042.0","amount":"0.610361","exchange":"bitfinex","type":"buy"},{"timestamp":1486566361,"tid":26206781,"price":"1041.8","amount":"0.04873","exchange":"bitfinex","type":"sell"},{"timestamp":1486566360,"tid":26206779,"price":"1042.0","amount":"1.088","exchange":"bitfinex","type":"buy"},{"timestamp":1486566360,"tid":26206778,"price":"1042.0","amount":"0.1","exchange":"bitfinex","type":"buy"},{"timestamp":1486566356,"tid":26206777,"price":"1042.0","amount":"1.101","exchange":"bitfinex","type":"buy"},{"timestamp":1486566352,"tid":26206776,"price":"1042.0","amount":"0.811","exchange":"bitfinex","type":"buy"},{"timestamp":1486566346,"tid":26206775,"price":"1042.0","amount":"0.04439898","exchange":"bitfinex","type":"buy"},{"timestamp":1486566330,"tid":26206774,"price":"1042.0","amount":"8.55545704","exchange":"bitfinex","type":"buy"},{"timestamp":1486566330,"tid":26206773,"price":"1042.0","amount":"0.13","exchange":"bitfinex","type":"buy"},{"timestamp":1486566330,"tid":26206772,"price":"1041.6","amount":"1.436","exchange":"bitfinex","type":"buy"},{"timestamp":1486566330,"tid":26206771,"price":"1041.5","amount":"2.0","exchange":"bitfinex","type":"buy"},{"timestamp":1486566330,"tid":26206770,"price":"1041.5","amount":"0.85","exchange":"bitfinex","type":"buy"},{"timestamp":1486566330,"tid":26206769,"price":"1041.5","amount":"35.0","exchange":"bitfinex","type":"buy"},{"timestamp":1486566330,"tid":26206768,"price":"1041.5","amount":"0.06791681","exchange":"bitfinex","type":"buy"},{"timestamp":1486566330,"tid":26206767,"price":"1041.4","amount":"1.96062615","exchange":"bitfinex","type":"buy"},{"timestamp":1486566316,"tid":26206766,"price":"1041.4","amount":"15.0","exchange":"bitfinex","type":"buy"},{"timestamp":1486566270,"tid":26206762,"price":"1041.4","amount":"4.44535614","exchange":"bitfinex","type":"buy"},{"timestamp":1486566269,"tid":26206761,"price":"1041.4","amount":"0.02","exchange":"bitfinex","type":"buy"},{"timestamp":1486566258,"tid":26206760,"price":"1041.4","amount":"0.0502","exchange":"bitfinex","type":"buy"},{"timestamp":1486566251,"tid":26206759,"price":"1041.4","amount":"17.52381771","exchange":"bitfinex","type":"buy"},{"timestamp":1486566251,"tid":26206758,"price":"1041.4","amount":"1.02618229","exchange":"bitfinex","type":"buy"},{"timestamp":1486566251,"tid":26206757,"price":"1041.3","amount":"0.45","exchange":"bitfinex","type":"buy"},{"timestamp":1486566251,"tid":26206756,"price":"1041.2","amount":"1.0","exchange":"bitfinex","type":"buy"},{"timestamp":1486566243,"tid":26206750,"price":"1041.0","amount":"0.00007215","exchange":"bitfinex","type":"buy"},{"timestamp":1486566240,"tid":26206749,"price":"1041.0","amount":"0.01","exchange":"bitfinex","type":"buy"},{"timestamp":1486566220,"tid":26206748,"price":"1040.9","amount":"0.16520847","exchange":"bitfinex","type":"sell"},{"timestamp":1486566203,"tid":26206747,"price":"1040.9","amount":"7.80849845","exchange":"bitfinex","type":"buy"},{"timestamp":1486566201,"tid":26206746,"price":"1040.9","amount":"2.476","exchange":"bitfinex","type":"buy"},{"timestamp":1486566198,"tid":26206745,"price":"1040.9","amount":"0.524","exchange":"bitfinex","type":"buy"},{"timestamp":1486566197,"tid":26206744,"price":"1040.9","amount":"16.58","exchange":"bitfinex","type":"buy"},{"timestamp":1486566194,"tid":26206743,"price":"1040.9","amount":"2.667","exchange":"bitfinex","type":"buy"},{"timestamp":1486566191,"tid":26206742,"price":"1040.9","amount":"0.333","exchange":"bitfinex","type":"buy"},{"timestamp":1486566188,"tid":26206741,"price":"1040.9","amount":"1.191","exchange":"bitfinex","type":"buy"},{"timestamp":1486566182,"tid":26206740,"price":"1040.9","amount":"0.17864375","exchange":"bitfinex","type":"buy"},{"timestamp":1486566182,"tid":26206739,"price":"1040.6","amount":"1.385","exchange":"bitfinex","type":"buy"},{"timestamp":1486566182,"tid":26206738,"price":"1040.6","amount":"0.24535625","exchange":"bitfinex","type":"buy"},{"timestamp":1486566172,"tid":26206737,"price":"1040.6","amount":"0.0456255","exchange":"bitfinex","type":"buy"},{"timestamp":1486566160,"tid":26206736,"price":"1040.6","amount":"0.1","exchange":"bitfinex","type":"buy"},{"timestamp":1486566140,"tid":26206733,"price":"1040.6","amount":"0.03281311","exchange":"bitfinex","type":"buy"},{"timestamp":1486566042,"tid":26206712,"price":"1040.6","amount":"1.0","exchange":"bitfinex","type":"buy"},{"timestamp":1486566012,"tid":26206710,"price":"1040.6","amount":"0.1","exchange":"bitfinex","type":"buy"},{"timestamp":1486566005,"tid":26206709,"price":"1040.3","amount":"0.0316991","exchange":"bitfinex","type":"sell"},{"timestamp":1486566000,"tid":26206708,"price":"1040.6","amount":"0.10020514","exchange":"bitfinex","type":"buy"},{"timestamp":1486565982,"tid":26206707,"price":"1040.9","amount":"2.7353","exchange":"bitfinex","type":"buy"},{"timestamp":1486565982,"tid":26206706,"price":"1040.7","amount":"0.5677","exchange":"bitfinex","type":"buy"},{"timestamp":1486565982,"tid":26206705,"price":"1040.6","amount":"1.697","exchange":"bitfinex","type":"buy"},{"timestamp":1486565912,"tid":26206703,"price":"1040.3","amount":"0.022383","exchange":"bitfinex","type":"sell"},{"timestamp":1486565907,"tid":26206701,"price":"1040.3","amount":"0.004335","exchange":"bitfinex","type":"sell"},{"timestamp":1486565907,"tid":26206700,"price":"1040.3","amount":"0.01","exchange":"bitfinex","type":"sell"},{"timestamp":1486565886,"tid":26206695,"price":"1041.0","amount":"0.22755268","exchange":"bitfinex","type":"buy"},{"timestamp":1486565886,"tid":26206694,"price":"1041.0","amount":"2.5","exchange":"bitfinex","type":"buy"},{"timestamp":1486565886,"tid":26206693,"price":"1040.9","amount":"0.020745","exchange":"bitfinex","type":"buy"},{"timestamp":1486565886,"tid":26206692,"price":"1040.9","amount":"1.08","exchange":"bitfinex","type":"buy"},{"timestamp":1486565886,"tid":26206691,"price":"1040.6","amount":"1.17170232","exchange":"bitfinex","type":"buy"},{"timestamp":1486565867,"tid":26206686,"price":"1040.6","amount":"0.55329768","exchange":"bitfinex","type":"buy"},{"timestamp":1486565867,"tid":26206685,"price":"1040.5","amount":"0.44670232","exchange":"bitfinex","type":"buy"},{"timestamp":1486565855,"tid":26206682,"price":"1040.5","amount":"0.01","exchange":"bitfinex","type":"buy"},{"timestamp":1486565850,"tid":26206680,"price":"1040.5","amount":"0.1","exchange":"bitfinex","type":"buy"},{"timestamp":1486565838,"tid":26206677,"price":"1040.5","amount":"26.0","exchange":"bitfinex","type":"buy"},{"timestamp":1486565820,"tid":26206673,"price":"1040.5","amount":"1.30592253","exchange":"bitfinex","type":"buy"},{"timestamp":1486565820,"tid":26206672,"price":"1040.4","amount":"0.09790247","exchange":"bitfinex","type":"buy"},{"timestamp":1486565808,"tid":26206670,"price":"1040.5","amount":"0.01","exchange":"bitfinex","type":"buy"},{"timestamp":1486565807,"tid":26206669,"price":"1040.2","amount":"0.020142","exchange":"bitfinex","type":"sell"},{"timestamp":1486565806,"tid":26206667,"price":"1040.2","amount":"0.01544096","exchange":"bitfinex","type":"sell"},{"timestamp":1486565761,"tid":26206661,"price":"1040.5","amount":"0.03","exchange":"bitfinex","type":"buy"},{"timestamp":1486565740,"tid":26206660,"price":"1040.4","amount":"0.01","exchange":"bitfinex","type":"buy"},{"timestamp":1486565729,"tid":26206659,"price":"1040.1","amount":"0.021654","exchange":"bitfinex","type":"sell"},{"timestamp":1486565712,"tid":26206658,"price":"1040.5","amount":"0.01","exchange":"bitfinex","type":"buy"},{"timestamp":1486565680,"tid":26206655,"price":"1040.4","amount":"0.01","exchange":"bitfinex","type":"buy"},{"timestamp":1486565676,"tid":26206654,"price":"1040.4","amount":"1.0","exchange":"bitfinex","type":"buy"},{"timestamp":1486565673,"tid":26206653,"price":"1040.3","amount":"1.0","exchange":"bitfinex","type":"buy"},{"timestamp":1486565667,"tid":26206651,"price":"1040.5","amount":"1.0","exchange":"bitfinex","type":"buy"},{"timestamp":1486565665,"tid":26206650,"price":"1040.4","amount":"1.0","exchange":"bitfinex","type":"buy"},{"timestamp":1486565656,"tid":26206649,"price":"1040.5","amount":"0.2","exchange":"bitfinex","type":"buy"},{"timestamp":1486565655,"tid":26206648,"price":"1040.5","amount":"5.88737515","exchange":"bitfinex","type":"buy"},{"timestamp":1486565655,"tid":26206647,"price":"1040.4","amount":"2.14","exchange":"bitfinex","type":"buy"},{"timestamp":1486565655,"tid":26206646,"price":"1040.1","amount":"8.2","exchange":"bitfinex","type":"buy"},{"timestamp":1486565655,"tid":26206645,"price":"1040.0","amount":"5.7456","exchange":"bitfinex","type":"buy"},{"timestamp":1486565655,"tid":26206644,"price":"1040.0","amount":"3.0","exchange":"bitfinex","type":"buy"},{"timestamp":1486565655,"tid":26206643,"price":"1040.0","amount":"0.04689677","exchange":"bitfinex","type":"buy"},{"timestamp":1486565655,"tid":26206642,"price":"1040.0","amount":"5.0","exchange":"bitfinex","type":"buy"},{"timestamp":1486565655,"tid":26206641,"price":"1040.0","amount":"12.77432808","exchange":"bitfinex","type":"buy"},{"timestamp":1486565655,"tid":26206640,"price":"1040.0","amount":"7.2058","exchange":"bitfinex","type":"buy"},{"timestamp":1486565630,"tid":26206636,"price":"1039.9","amount":"0.1","exchange":"bitfinex","type":"buy"},{"timestamp":1486565630,"tid":26206634,"price":"1039.7","amount":"0.17170612","exchange":"bitfinex","type":"sell"},{"timestamp":1486565629,"tid":26206633,"price":"1039.7","amount":"0.17170612","exchange":"bitfinex","type":"sell"},{"timestamp":1486565628,"tid":26206632,"price":"1039.7","amount":"0.040783","exchange":"bitfinex","type":"sell"},{"timestamp":1486565609,"tid":26206620,"price":"1040.0","amount":"0.01","exchange":"bitfinex","type":"buy"},{"timestamp":1486565597,"tid":26206619,"price":"1039.9","amount":"0.01","exchange":"bitfinex","type":"buy"},{"timestamp":1486565587,"tid":26206618,"price":"1039.9","amount":"0.01","exchange":"bitfinex","type":"buy"},{"timestamp":1486565581,"tid":26206617,"price":"1039.6","amount":"4.82","exchange":"bitfinex","type":"buy"},{"timestamp":1486565544,"tid":26206616,"price":"1039.7","amount":"0.01","exchange":"bitfinex","type":"buy"},{"timestamp":1486565542,"tid":26206615,"price":"1039.5","amount":"1.29","exchange":"bitfinex","type":"sell"},{"timestamp":1486565542,"tid":26206614,"price":"1039.5","amount":"0.08","exchange":"bitfinex","type":"sell"},{"timestamp":1486565525,"tid":26206609,"price":"1039.6","amount":"0.01","exchange":"bitfinex","type":"buy"},{"timestamp":1486565519,"tid":26206608,"price":"1039.6","amount":"0.019601","exchange":"bitfinex","type":"buy"},{"timestamp":1486565519,"tid":26206607,"price":"1039.6","amount":"0.061649","exchange":"bitfinex","type":"buy"},{"timestamp":1486565497,"tid":26206604,"price":"1039.7","amount":"0.01","exchange":"bitfinex","type":"buy"},{"timestamp":1486565480,"tid":26206601,"price":"1039.5","amount":"0.02","exchange":"bitfinex","type":"sell"},{"timestamp":1486565476,"tid":26206600,"price":"1039.6","amount":"0.05179407","exchange":"bitfinex","type":"buy"},{"timestamp":1486565375,"tid":26206594,"price":"1039.8","amount":"0.01","exchange":"bitfinex","type":"buy"},{"timestamp":1486565370,"tid":26206593,"price":"1039.4","amount":"0.0516","exchange":"bitfinex","type":"sell"},{"timestamp":1486565350,"tid":26206592,"price":"1039.9","amount":"0.01","exchange":"bitfinex","type":"buy"},{"timestamp":1486565342,"tid":26206591,"price":"1039.6","amount":"1.0","exchange":"bitfinex","type":"buy"},{"timestamp":1486565291,"tid":26206589,"price":"1039.6","amount":"0.1","exchange":"bitfinex","type":"buy"},{"timestamp":1486565281,"tid":26206587,"price":"1039.6","amount":"0.02","exchange":"bitfinex","type":"buy"},{"timestamp":1486565233,"tid":26206582,"price":"1039.7","amount":"0.01","exchange":"bitfinex","type":"buy"},{"timestamp":1486565225,"tid":26206581,"price":"1039.6","amount":"0.01","exchange":"bitfinex","type":"buy"},{"timestamp":1486565220,"tid":26206580,"price":"1039.4","amount":"0.129","exchange":"bitfinex","type":"sell"},{"timestamp":1486565220,"tid":26206579,"price":"1039.5","amount":"0.05","exchange":"bitfinex","type":"sell"},{"timestamp":1486565206,"tid":26206578,"price":"1039.8","amount":"0.01","exchange":"bitfinex","type":"buy"},{"timestamp":1486565202,"tid":26206577,"price":"1039.6","amount":"0.01","exchange":"bitfinex","type":"buy"},{"timestamp":1486565197,"tid":26206575,"price":"1039.5","amount":"0.01","exchange":"bitfinex","type":"buy"},{"timestamp":1486565188,"tid":26206574,"price":"1039.4","amount":"0.01","exchange":"bitfinex","type":"buy"},{"timestamp":1486565181,"tid":26206573,"price":"1039.3","amount":"3.1145905","exchange":"bitfinex","type":"sell"},{"timestamp":1486565181,"tid":26206572,"price":"1039.3","amount":"0.1","exchange":"bitfinex","type":"sell"},{"timestamp":1486565181,"tid":26206571,"price":"1039.4","amount":"5.7582","exchange":"bitfinex","type":"sell"},{"timestamp":1486565181,"tid":26206570,"price":"1039.4","amount":"1.0272095","exchange":"bitfinex","type":"sell"},{"timestamp":1486565170,"tid":26206569,"price":"1039.9","amount":"0.07181304","exchange":"bitfinex","type":"buy"},{"timestamp":1486565153,"tid":26206567,"price":"1040.0","amount":"2.0","exchange":"bitfinex","type":"buy"},{"timestamp":1486565139,"tid":26206566,"price":"1040.0","amount":"0.01","exchange":"bitfinex","type":"buy"},{"timestamp":1486565135,"tid":26206565,"price":"1039.7","amount":"0.01","exchange":"bitfinex","type":"buy"},{"timestamp":1486565126,"tid":26206564,"price":"1039.7","amount":"2.0","exchange":"bitfinex","type":"buy"},{"timestamp":1486565118,"tid":26206562,"price":"1039.7","amount":"0.01","exchange":"bitfinex","type":"buy"},{"timestamp":1486565103,"tid":26206560,"price":"1039.6","amount":"0.01","exchange":"bitfinex","type":"buy"},{"timestamp":1486565096,"tid":26206559,"price":"1039.4","amount":"3.97","exchange":"bitfinex","type":"sell"},{"timestamp":1486565096,"tid":26206558,"price":"1039.5","amount":"6.03","exchange":"bitfinex","type":"sell"},{"timestamp":1486565091,"tid":26206557,"price":"1039.7","amount":"2.0","exchange":"bitfinex","type":"buy"},{"timestamp":1486565067,"tid":26206556,"price":"1039.7","amount":"2.0","exchange":"bitfinex","type":"buy"},{"timestamp":1486565065,"tid":26206555,"price":"1039.4","amount":"1.0","exchange":"bitfinex","type":"sell"},{"timestamp":1486565044,"tid":26206554,"price":"1039.8","amount":"0.01684204","exchange":"bitfinex","type":"buy"},{"timestamp":1486565044,"tid":26206553,"price":"1039.6","amount":"7.86375479","exchange":"bitfinex","type":"buy"},{"timestamp":1486565044,"tid":26206552,"price":"1039.4","amount":"5.4224","exchange":"bitfinex","type":"buy"},{"timestamp":1486565044,"tid":26206551,"price":"1039.4","amount":"0.38","exchange":"bitfinex","type":"buy"},{"timestamp":1486565038,"tid":26206550,"price":"1039.4","amount":"2.0","exchange":"bitfinex","type":"buy"},{"timestamp":1486565023,"tid":26206549,"price":"1039.4","amount":"5.0","exchange":"bitfinex","type":"buy"},{"timestamp":1486565019,"tid":26206548,"price":"1039.4","amount":"5.0","exchange":"bitfinex","type":"buy"},{"timestamp":1486565015,"tid":26206547,"price":"1039.6","amount":"0.072477","exchange":"bitfinex","type":"buy"},{"timestamp":1486565015,"tid":26206546,"price":"1039.5","amount":"4.027523","exchange":"bitfinex","type":"buy"},{"timestamp":1486565015,"tid":26206545,"price":"1039.4","amount":"0.9","exchange":"bitfinex","type":"buy"},{"timestamp":1486565012,"tid":26206544,"price":"1039.4","amount":"5.0","exchange":"bitfinex","type":"buy"},{"timestamp":1486565011,"tid":26206543,"price":"1039.5","amount":"2.0","exchange":"bitfinex","type":"buy"},{"timestamp":1486565009,"tid":26206542,"price":"1039.5","amount":"3.972477","exchange":"bitfinex","type":"buy"},{"timestamp":1486565009,"tid":26206541,"price":"1039.4","amount":"1.027523","exchange":"bitfinex","type":"buy"},{"timestamp":1486564982,"tid":26206540,"price":"1039.4","amount":"2.0","exchange":"bitfinex","type":"buy"},{"timestamp":1486564958,"tid":26206539,"price":"1039.4","amount":"2.0","exchange":"bitfinex","type":"buy"},{"timestamp":1486564930,"tid":26206538,"price":"1039.5","amount":"2.0","exchange":"bitfinex","type":"buy"},{"timestamp":1486564926,"tid":26206537,"price":"1039.4","amount":"2.0","exchange":"bitfinex","type":"buy"},{"timestamp":1486564923,"tid":26206536,"price":"1039.4","amount":"3.0","exchange":"bitfinex","type":"buy"},{"timestamp":1486564908,"tid":26206535,"price":"1039.4","amount":"1.0","exchange":"bitfinex","type":"buy"},{"timestamp":1486564902,"tid":26206534,"price":"1039.5","amount":"0.01","exchange":"bitfinex","type":"buy"},{"timestamp":1486564899,"tid":26206533,"price":"1039.6","amount":"2.0","exchange":"bitfinex","type":"buy"},{"timestamp":1486564875,"tid":26206532,"price":"1040.0","amount":"5.0","exchange":"bitfinex","type":"buy"},{"timestamp":1486564874,"tid":26206531,"price":"1040.0","amount":"0.01","exchange":"bitfinex","type":"buy"},{"timestamp":1486564873,"tid":26206530,"price":"1040.0","amount":"2.0","exchange":"bitfinex","type":"buy"},{"timestamp":1486564871,"tid":26206529,"price":"1039.9","amount":"0.01","exchange":"bitfinex","type":"buy"},{"timestamp":1486564867,"tid":26206528,"price":"1039.9","amount":"0.5","exchange":"bitfinex","type":"buy"},{"timestamp":1486564863,"tid":26206527,"price":"1039.9","amount":"0.15","exchange":"bitfinex","type":"buy"},{"timestamp":1486564863,"tid":26206526,"price":"1039.9","amount":"0.02320756","exchange":"bitfinex","type":"buy"},{"timestamp":1486564861,"tid":26206525,"price":"1039.9","amount":"0.01","exchange":"bitfinex","type":"buy"},{"timestamp":1486564858,"tid":26206524,"price":"1039.9","amount":"1.0","exchange":"bitfinex","type":"buy"},{"timestamp":1486564820,"tid":26206522,"price":"1040.0","amount":"0.01","exchange":"bitfinex","type":"buy"},{"timestamp":1486564818,"tid":26206521,"price":"1039.9","amount":"0.146356","exchange":"bitfinex","type":"sell"},{"timestamp":1486564816,"tid":26206520,"price":"1039.9","amount":"0.1","exchange":"bitfinex","type":"buy"},{"timestamp":1486564813,"tid":26206519,"price":"1040.0","amount":"0.01","exchange":"bitfinex","type":"buy"},{"timestamp":1486564811,"tid":26206518,"price":"1039.9","amount":"0.01","exchange":"bitfinex","type":"buy"},{"timestamp":1486564806,"tid":26206517,"price":"1039.9","amount":"0.2","exchange":"bitfinex","type":"sell"},{"timestamp":1486564803,"tid":26206516,"price":"1039.9","amount":"0.02","exchange":"bitfinex","type":"sell"},{"timestamp":1486564792,"tid":26206515,"price":"1040.0","amount":"0.01","exchange":"bitfinex","type":"buy"},{"timestamp":1486564791,"tid":26206514,"price":"1040.0","amount":"5.7342","exchange":"bitfinex","type":"sell"},{"timestamp":1486564768,"tid":26206513,"price":"1040.4","amount":"0.25","exchange":"bitfinex","type":"buy"},{"timestamp":1486564766,"tid":26206512,"price":"1040.4","amount":"5.0","exchange":"bitfinex","type":"buy"},{"timestamp":1486564764,"tid":26206511,"price":"1040.4","amount":"0.01","exchange":"bitfinex","type":"buy"},{"timestamp":1486564763,"tid":26206510,"price":"1040.4","amount":"0.01","exchange":"bitfinex","type":"buy"},{"timestamp":1486564763,"tid":26206509,"price":"1039.9","amount":"0.01","exchange":"bitfinex","type":"buy"},{"timestamp":1486564762,"tid":26206508,"price":"1039.9","amount":"0.01","exchange":"bitfinex","type":"buy"},{"timestamp":1486564761,"tid":26206507,"price":"1040.2","amount":"3.97","exchange":"bitfinex","type":"buy"},{"timestamp":1486564761,"tid":26206506,"price":"1039.9","amount":"1.03","exchange":"bitfinex","type":"buy"},{"timestamp":1486564757,"tid":26206505,"price":"1040.1","amount":"4.9","exchange":"bitfinex","type":"buy"},{"timestamp":1486564757,"tid":26206504,"price":"1040.0","amount":"0.1","exchange":"bitfinex","type":"buy"},{"timestamp":1486564752,"tid":26206503,"price":"1040.0","amount":"5.0","exchange":"bitfinex","type":"buy"},{"timestamp":1486564747,"tid":26206502,"price":"1040.0","amount":"0.84235547","exchange":"bitfinex","type":"buy"},{"timestamp":1486564747,"tid":26206501,"price":"1040.0","amount":"1.02764453","exchange":"bitfinex","type":"buy"},{"timestamp":1486564747,"tid":26206500,"price":"1040.0","amount":"0.3","exchange":"bitfinex","type":"buy"},{"timestamp":1486564747,"tid":26206499,"price":"1040.0","amount":"0.01","exchange":"bitfinex","type":"buy"},{"timestamp":1486564747,"tid":26206498,"price":"1040.0","amount":"0.01","exchange":"bitfinex","type":"buy"},{"timestamp":1486564747,"tid":26206497,"price":"1040.0","amount":"0.01","exchange":"bitfinex","type":"buy"},{"timestamp":1486564747,"tid":26206496,"price":"1039.9","amount":"0.02","exchange":"bitfinex","type":"buy"},{"timestamp":1486564747,"tid":26206495,"price":"1039.8","amount":"2.14","exchange":"bitfinex","type":"buy"},{"timestamp":1486564747,"tid":26206494,"price":"1039.5","amount":"0.3","exchange":"bitfinex","type":"buy"},{"timestamp":1486564747,"tid":26206493,"price":"1039.0","amount":"0.34","exchange":"bitfinex","type":"buy"},{"timestamp":1486564724,"tid":26206492,"price":"1039.0","amount":"1.0","exchange":"bitfinex","type":"buy"},{"timestamp":1486564724,"tid":26206491,"price":"1039.0","amount":"0.01","exchange":"bitfinex","type":"buy"}